<?xml version="1.0" encoding="UTF-8" ?>
<collection>
    <record>
        <leader>03722nam a22005411i 4500</leader>
        <controlfield tag="001">ybp12934980</controlfield>
        <controlfield tag="003">NhCcYBP</controlfield>
        <controlfield tag="005">20200714163138.7</controlfield>
        <controlfield tag="006">m |o d | </controlfield>
        <controlfield tag="007">cr |n|||||||||</controlfield>
        <controlfield tag="008">200714s2015 enka ob 001 0 eng d</controlfield>
        <datafield tag="020" ind1=" " ind2=" ">
            <subfield code="a">9781315583433 (electronic bk.)</subfield>
        </datafield>
        <datafield tag="020" ind1=" " ind2=" ">
            <subfield code="a">1315583437 (electronic bk.)</subfield>
        </datafield>
        <datafield tag="020" ind1=" " ind2=" ">
            <subfield code="z">9781472422354</subfield>
        </datafield>
        <datafield tag="020" ind1=" " ind2=" ">
            <subfield code="z">147242235X</subfield>
        </datafield>
        <datafield tag="020" ind1=" " ind2=" ">
            <subfield code="z">1472422368</subfield>
        </datafield>
        <datafield tag="020" ind1=" " ind2=" ">
            <subfield code="z">9781472422361</subfield>
        </datafield>
        <datafield tag="020" ind1=" " ind2=" ">
            <subfield code="z">1472422376</subfield>
        </datafield>
        <datafield tag="020" ind1=" " ind2=" ">
            <subfield code="z">9781472422378</subfield>
        </datafield>
        <datafield tag="024" ind1="8" ind2=" ">
            <subfield code="a">ybp12934980</subfield>
        </datafield>
        <datafield tag="035" ind1=" " ind2=" ">
            <subfield code="a">99988208802</subfield>
        </datafield>
        <datafield tag="040" ind1=" " ind2=" ">
            <subfield code="a">NhCcYBP</subfield>
            <subfield code="c">NhCcYBP</subfield>
        </datafield>
        <datafield tag="049" ind1=" " ind2=" ">
            <subfield code="a">FSERB-EOCR</subfield>
        </datafield>
        <datafield tag="050" ind1=" " ind2="4">
            <subfield code="a">N430</subfield>
            <subfield code="b">.F76 2015</subfield>
        </datafield>
        <datafield tag="080" ind1=" " ind2=" ">
            <subfield code="a">069.53 FRO</subfield>
        </datafield>
        <datafield tag="082" ind1="0" ind2="4">
            <subfield code="a">708</subfield>
            <subfield code="2">23</subfield>
        </datafield>
        <datafield tag="084" ind1=" " ind2=" ">
            <subfield code="a">02.30</subfield>
            <subfield code="2">bcl</subfield>
        </datafield>
        <datafield tag="245" ind1="0" ind2="0">
            <subfield code="a">From museum critique to the critical museum /</subfield>
            <subfield code="c">edited by Katarzyna Murawska-Muthesius, Piotr Piotrowski.</subfield>
        </datafield>
        <datafield tag="264" ind1=" " ind2="1">
            <subfield code="a">Farnham Surrey, England ;</subfield>
            <subfield code="a">Burlington, VT :</subfield>
            <subfield code="b">Ashgate,</subfield>
            <subfield code="c">[2015]</subfield>
        </datafield>
        <datafield tag="300" ind1=" " ind2=" ">
            <subfield code="a">1 online resource.</subfield>
        </datafield>
        <datafield tag="336" ind1=" " ind2=" ">
            <subfield code="a">text</subfield>
            <subfield code="b">txt</subfield>
            <subfield code="2">rdacontent</subfield>
        </datafield>
        <datafield tag="337" ind1=" " ind2=" ">
            <subfield code="a">computer</subfield>
            <subfield code="b">c</subfield>
            <subfield code="2">rdamedia</subfield>
        </datafield>
        <datafield tag="338" ind1=" " ind2=" ">
            <subfield code="a">online resource</subfield>
            <subfield code="b">cr</subfield>
            <subfield code="2">rdacarrier</subfield>
        </datafield>
        <datafield tag="504" ind1=" " ind2=" ">
            <subfield code="a">Includes bibliographical references and index.</subfield>
        </datafield>
        <datafield tag="505" ind1="0" ind2=" ">
            <subfield code="a">Introduction: From from museum critique to the critical museum /
                Katarzyna Murawska-Muthesius and Piotr Piotrowski. -- Part I, Histories. 1. A very
                brief history of the art museum in the United States (focusing mainly but not
                exclusively on the nineteenth century) / Alan Wallach -- 2. 'The contemporary museum
                is a laboratory of knowledge': the origins of the Museum of Contemporary Art in
                Russia / Andrzej Turowski -- 3. Wilhelm R. Valentiner's Reshaping Museums in the
                Spirit of the New Age (1919) and its reception / Monika Flacke -- 4. Myth and
                reality of the White Cube / Charlotte Klonk -- 5. Jerzy Ludwinski's testing of the
                dysfunction of the museum: on the Museum of Current Art in Wroclaw (1966) /
                Magdalena Ziolkowska. -- Part II, Tools: objects, space, viewing practices. 6.
                Masterpieces and the critical museum / Katarzyna Murawska-Muthesius -- 7. From the
                White Cube to a critical museography: the development of interrogative, plural and
                subjective museum discourses / J. Pedro Lorente -- 8. From the inside looking out:
                the possibility of a critical establishment / Penelope Curtis [Tate Britain
                director] -- 9. Making the National Museum critical / Piotr Piotrowski -- 10.
                Historical space and critical museologies: POLIN Museum of the History of Polish
                Jews / Barbara Kirshenblatt-Gimblett -- 11. Museums that listen and care? Central
                Europe and critical museum discourse / Maria Oriskova -- 12. Towards embodied,
                agonistic museum viewing practices in contemporary Manchester, England / Alpesh
                Kantilal Patel. -- Part III, Critique. 13. The context and practice of post-critical
                museology / Victoria Walsh -- 14. 'Is the contemporary already too late?'
                (Re-)producing criticality within the art museum / Jacob Birken -- 15 Neuromuseology
                / John Onians.</subfield>
        </datafield>
        <datafield tag="533" ind1=" " ind2=" ">
            <subfield code="a">Electronic reproduction.</subfield>
            <subfield code="b">London</subfield>
            <subfield code="n">Available via World Wide Web.</subfield>
        </datafield>
        <datafield tag="588" ind1=" " ind2=" ">
            <subfield code="a">Description based on print version record.</subfield>
        </datafield>
        <datafield tag="599" ind1=" " ind2=" ">
            <subfield code="a">GOBI eBook load</subfield>
            <subfield code="9">LOCAL</subfield>
        </datafield>
        <datafield tag="650" ind1=" " ind2="0">
            <subfield code="a">Art museums</subfield>
            <subfield code="x">Philosophy.</subfield>
        </datafield>
        <datafield tag="650" ind1=" " ind2="0">
            <subfield code="a">Art museums</subfield>
            <subfield code="x">Social aspects.</subfield>
        </datafield>
        <datafield tag="700" ind1="1" ind2=" ">
            <subfield code="a">Murawska-Muthesius, Katarzyna,</subfield>
            <subfield code="e">editor.</subfield>
        </datafield>
        <datafield tag="700" ind1="1" ind2=" ">
            <subfield code="a">Piotrowski, Piotr,</subfield>
            <subfield code="d">1952-</subfield>
            <subfield code="e">editor.</subfield>
        </datafield>
        <datafield tag="776" ind1="0" ind2="8">
            <subfield code="c">Original</subfield>
            <subfield code="z">9781472422354</subfield>
            <subfield code="z">147242235X</subfield>
            <subfield code="z">1472422368</subfield>
            <subfield code="z">9781472422361</subfield>
            <subfield code="z">1472422376</subfield>
            <subfield code="z">9781472422378</subfield>
            <subfield code="w">(DLC) 2014049940</subfield>
        </datafield>
        <datafield tag="856" ind1="4" ind2="0">
            <subfield code="u"
                >https://proxy.lib.fsu.edu/login?url=https://www.taylorfrancis.com/books/9781315583433</subfield>
            <subfield code="y">FSU: Connect to online content </subfield>
            <subfield code="9">LOCAL</subfield>
            <subfield code="z">Unlimited User Access</subfield>
        </datafield>
        <datafield tag="897" ind1="2" ind2=" ">
            <subfield code="a">Taylor &amp; Francis</subfield>
        </datafield>
        <datafield tag="957" ind1=" " ind2=" ">
            <subfield code="e">Distributor</subfield>
            <subfield code="9">LOCAL</subfield>
        </datafield>
        <datafield tag="980" ind1=" " ind2=" ">
            <subfield code="a">20210831</subfield>
            <subfield code="b">180.00</subfield>
            <subfield code="d">995729</subfield>
            <subfield code="e">180.00</subfield>
            <subfield code="f">99988208802</subfield>
        </datafield>
        <datafield tag="981" ind1=" " ind2=" ">
            <subfield code="b">FVHIRTL</subfield>
        </datafield>
    </record>