
    <record>
        <leader>03276nam a22005291i 4500</leader>
        <controlfield tag="001">ebc1588909</controlfield>
        <controlfield tag="003">NhCcYBP</controlfield>
        <controlfield tag="005">20141028111743.5</controlfield>
        <controlfield tag="006">m |o d | </controlfield>
        <controlfield tag="007">cr |n|||||||||</controlfield>
        <controlfield tag="008">141028s2013 nyu ob 001 0 eng d</controlfield>
        <datafield tag="020" ind1=" " ind2=" ">
            <subfield code="a">1137371447 (electronic bk.)</subfield>
        </datafield>
        <datafield tag="020" ind1=" " ind2=" ">
            <subfield code="a">9781137371447 (electronic bk.)</subfield>
        </datafield>
        <datafield tag="020" ind1=" " ind2=" ">
            <subfield code="z">9781137378590 (hardcover : alk. paper)</subfield>
        </datafield>
        <datafield tag="020" ind1=" " ind2=" ">
            <subfield code="z">113737859X (hardcover : alk. paper)</subfield>
        </datafield>
        <datafield tag="024" ind1="8" ind2=" ">
            <subfield code="a">ybp11696818</subfield>
        </datafield>
        <datafield tag="035" ind1=" " ind2=" ">
            <subfield code="a">99988209496</subfield>
        </datafield>
        <datafield tag="040" ind1=" " ind2=" ">
            <subfield code="a">NhCcYBP</subfield>
            <subfield code="c">NhCcYBP</subfield>
        </datafield>
        <datafield tag="043" ind1=" " ind2=" ">
            <subfield code="a">n-us---</subfield>
            <subfield code="a">n-mx---</subfield>
        </datafield>
        <datafield tag="049" ind1=" " ind2=" ">
            <subfield code="a">FSERB-EOCR</subfield>
        </datafield>
        <datafield tag="050" ind1=" " ind2="4">
            <subfield code="a">PS153.M4</subfield>
            <subfield code="b">R48 2013</subfield>
        </datafield>
        <datafield tag="082" ind1="0" ind2="4">
            <subfield code="a">810.9/86872</subfield>
            <subfield code="2">23</subfield>
        </datafield>
        <datafield tag="245" ind1="0" ind2="0">
            <subfield code="a">Rethinking Chicana/o literature through food :</subfield>
            <subfield code="b">postnational appetites /</subfield>
            <subfield code="c">edited by Nieves Pascual Soler and Meredith E. Abarca.</subfield>
        </datafield>
        <datafield tag="250" ind1=" " ind2=" ">
            <subfield code="a">First edition.</subfield>
        </datafield>
        <datafield tag="264" ind1=" " ind2="1">
            <subfield code="a">New York :</subfield>
            <subfield code="b">Palgrave Macmillan,</subfield>
            <subfield code="c">2013.</subfield>
        </datafield>
        <datafield tag="300" ind1=" " ind2=" ">
            <subfield code="a">1 online resource.</subfield>
        </datafield>
        <datafield tag="336" ind1=" " ind2=" ">
            <subfield code="a">text</subfield>
            <subfield code="b">txt</subfield>
            <subfield code="2">rdacontent</subfield>
        </datafield>
        <datafield tag="337" ind1=" " ind2=" ">
            <subfield code="a">computer</subfield>
            <subfield code="b">c</subfield>
            <subfield code="2">rdamedia</subfield>
        </datafield>
        <datafield tag="338" ind1=" " ind2=" ">
            <subfield code="a">online resource</subfield>
            <subfield code="b">cr</subfield>
            <subfield code="2">rdacarrier</subfield>
        </datafield>
        <datafield tag="490" ind1="1" ind2=" ">
            <subfield code="a">Literatures of the Americas</subfield>
        </datafield>
        <datafield tag="504" ind1=" " ind2=" ">
            <subfield code="a">Includes bibliographical references and index.</subfield>
        </datafield>
        <datafield tag="505" ind1="0" ind2=" ">
            <subfield code="a">Introduction / Meredith E. Abarca and Nieves Pascual Soler -- pt. 1.
                Translatable foods -- Diabetes, culture, and food: posthumanist nutrition in the
                Gloria Anzaldua Archive / Suzanne Bost -- Bologna tacos and kitchen slaves: food and
                identity in Sandra Cisneros's Caramelo / Heather Salter -- Food journeys in Places
                left unfinished at the time of creation and Woman hollering creek / Norma L.
                Cardenas -- pt. 2. The taste of authenticity -- &quot;Because feeding is the
                beginning and end&quot;: food politics in Ana Castillo's So far from god / Elizabeth
                Lee Steere -- Food, consciousness and feminism in Denise Chavez's Loving Pedro
                Infante / Laura P. Alonso Gallo -- pt. 3. The voice of hunger -- families who eat
                together, stay together: but should they?/ Meredith E. Abarca -- &quot;La comida y
                la conciencia&quot;: foods in the counter-poetics of Lorna Dee Cervantes / Edith
                Vasquez and Irene Vasquez -- Hungers and desires: borderlands appetites and
                fulfillment / Norma E. Cantu -- pt. 4. Machos or cooks -- Chicano culinarius: from
                cowboys to gastronomes / Nieves Pascual Soler -- Mexican meat matzah balls: burciaga
                as a Culinary Ambassador / Mimi Reisel Gladstein -- Reading the taco shop poets in
                the crossroads of Chicano postnationalism / Paul Allatson.</subfield>
        </datafield>
        <datafield tag="533" ind1=" " ind2=" ">
            <subfield code="a">Electronic reproduction.</subfield>
            <subfield code="b">Ann Arbor, MI</subfield>
            <subfield code="n">Available via World Wide Web.</subfield>
        </datafield>
        <datafield tag="588" ind1=" " ind2=" ">
            <subfield code="a">Description based on print version record.</subfield>
        </datafield>
        <datafield tag="599" ind1=" " ind2=" ">
            <subfield code="a">GOBI eBook load</subfield>
            <subfield code="9">LOCAL</subfield>
        </datafield>
        <datafield tag="650" ind1=" " ind2="0">
            <subfield code="a">American literature</subfield>
            <subfield code="x">Mexican American authors</subfield>
            <subfield code="x">History and criticism.</subfield>
        </datafield>
        <datafield tag="650" ind1=" " ind2="0">
            <subfield code="a">American literature</subfield>
            <subfield code="y">21st century</subfield>
            <subfield code="x">History and criticism.</subfield>
        </datafield>
        <datafield tag="650" ind1=" " ind2="0">
            <subfield code="a">Food in literature.</subfield>
        </datafield>
        <datafield tag="700" ind1="1" ind2=" ">
            <subfield code="a">Pascual Soler, Nieves,</subfield>
            <subfield code="e">editor.</subfield>
        </datafield>
        <datafield tag="700" ind1="1" ind2=" ">
            <subfield code="a">Abarca, Meredith E.</subfield>
            <subfield code="e">editor.</subfield>
        </datafield>
        <datafield tag="776" ind1="0" ind2="8">
            <subfield code="c">Original</subfield>
            <subfield code="z">9781137378590</subfield>
            <subfield code="z">113737859X</subfield>
            <subfield code="w">(DLC) 2013023835</subfield>
        </datafield>
        <datafield tag="830" ind1=" " ind2="0">
            <subfield code="a">Literatures of the Americas.</subfield>
        </datafield>
        <datafield tag="856" ind1="4" ind2="0">
            <subfield code="u"
                >https://ebookcentral.proquest.com/lib/fsu/detail.action?docID=1588909</subfield>
            <subfield code="y">FSU: Connect to online content </subfield>
            <subfield code="9">LOCAL</subfield>
            <subfield code="z">Unlimited User Access</subfield>
        </datafield>
        <datafield tag="897" ind1="2" ind2=" ">
            <subfield code="a">ProQuest (Firm)</subfield>
        </datafield>
        <datafield tag="957" ind1=" " ind2=" ">
            <subfield code="e">Distributor</subfield>
            <subfield code="9">LOCAL</subfield>
        </datafield>
        <datafield tag="980" ind1=" " ind2=" ">
            <subfield code="a">20210831</subfield>
            <subfield code="b">174.44</subfield>
            <subfield code="d">995730</subfield>
            <subfield code="e">174.44</subfield>
            <subfield code="f">99988209496</subfield>
        </datafield>
        <datafield tag="981" ind1=" " ind2=" ">
            <subfield code="b">FAEIRTL</subfield>
        </datafield>
    </record>