
    <record>
        <leader>03126nam a2200613 i 4500</leader>
        <controlfield tag="001">ybp302212678</controlfield>
        <controlfield tag="003">DLC</controlfield>
        <controlfield tag="005">20210621142808.2</controlfield>
        <controlfield tag="006">m o d </controlfield>
        <controlfield tag="007">cr |||||||||||</controlfield>
        <controlfield tag="008">210203s2021 mnua ob 001 0 eng </controlfield>
        <datafield tag="010" ind1=" " ind2=" ">
            <subfield code="a"> 2020058651</subfield>
        </datafield>
        <datafield tag="020" ind1=" " ind2=" ">
            <subfield code="a">9781452961125</subfield>
            <subfield code="q">electronic book</subfield>
        </datafield>
        <datafield tag="020" ind1=" " ind2=" ">
            <subfield code="a">1452961123</subfield>
            <subfield code="q">electronic book</subfield>
        </datafield>
        <datafield tag="020" ind1=" " ind2=" ">
            <subfield code="a">9781452961132</subfield>
            <subfield code="q">electronic book</subfield>
        </datafield>
        <datafield tag="020" ind1=" " ind2=" ">
            <subfield code="a">1452961131</subfield>
            <subfield code="q">electronic book</subfield>
        </datafield>
        <datafield tag="020" ind1=" " ind2=" ">
            <subfield code="z">9781517907587</subfield>
            <subfield code="q">hardcover</subfield>
        </datafield>
        <datafield tag="020" ind1=" " ind2=" ">
            <subfield code="z">9781517907594</subfield>
            <subfield code="q">paperback</subfield>
        </datafield>
        <datafield tag="024" ind1="8" ind2=" ">
            <subfield code="a">ybp302212678</subfield>
        </datafield>
        <datafield tag="035" ind1=" " ind2=" ">
            <subfield code="a">40030552004</subfield>
        </datafield>
        <datafield tag="037" ind1=" " ind2=" ">
            <subfield code="a">22573/ctv1nhvc4k</subfield>
            <subfield code="b">JSTOR</subfield>
        </datafield>
        <datafield tag="040" ind1=" " ind2=" ">
            <subfield code="a">NhCcYBP</subfield>
            <subfield code="c">NhCcYBP</subfield>
        </datafield>
        <datafield tag="042" ind1=" " ind2=" ">
            <subfield code="a">pcc</subfield>
        </datafield>
        <datafield tag="043" ind1=" " ind2=" ">
            <subfield code="a">f-cg---</subfield>
            <subfield code="a">n-us---</subfield>
        </datafield>
        <datafield tag="049" ind1=" " ind2=" ">
            <subfield code="a">FSERB-EOCR</subfield>
        </datafield>
        <datafield tag="050" ind1=" " ind2="4">
            <subfield code="a">HV555.C75</subfield>
            <subfield code="b">B83 2021</subfield>
        </datafield>
        <datafield tag="072" ind1=" " ind2="7">
            <subfield code="a">POL</subfield>
            <subfield code="x">011000</subfield>
            <subfield code="2">bisacsh</subfield>
        </datafield>
        <datafield tag="072" ind1=" " ind2="7">
            <subfield code="a">POL</subfield>
            <subfield code="x">053000</subfield>
            <subfield code="2">bisacsh</subfield>
        </datafield>
        <datafield tag="072" ind1=" " ind2="7">
            <subfield code="a">SOC</subfield>
            <subfield code="x">022000</subfield>
            <subfield code="2">bisacsh</subfield>
        </datafield>
        <datafield tag="082" ind1="0" ind2="0">
            <subfield code="a">338.91096751</subfield>
            <subfield code="2">23</subfield>
        </datafield>
        <datafield tag="100" ind1="1" ind2=" ">
            <subfield code="a">Budabin, Alexandra Cosima,</subfield>
            <subfield code="e">author.</subfield>
        </datafield>
        <datafield tag="245" ind1="1" ind2="0">
            <subfield code="a">Batman saves the Congo :</subfield>
            <subfield code="b">how celebrities disrupt the politics of development /</subfield>
            <subfield code="c">Alexandra Cosima Budabin and Lisa Ann Richey.</subfield>
        </datafield>
        <datafield tag="264" ind1=" " ind2="1">
            <subfield code="a">Minneapolis, MN :</subfield>
            <subfield code="b">University of Minnesota Press,</subfield>
            <subfield code="c">[2021]</subfield>
        </datafield>
        <datafield tag="300" ind1=" " ind2=" ">
            <subfield code="a">1 online resource.</subfield>
        </datafield>
        <datafield tag="336" ind1=" " ind2=" ">
            <subfield code="a">text</subfield>
            <subfield code="b">txt</subfield>
            <subfield code="2">rdacontent</subfield>
        </datafield>
        <datafield tag="337" ind1=" " ind2=" ">
            <subfield code="a">computer</subfield>
            <subfield code="b">c</subfield>
            <subfield code="2">rdamedia</subfield>
        </datafield>
        <datafield tag="338" ind1=" " ind2=" ">
            <subfield code="a">online resource</subfield>
            <subfield code="b">cr</subfield>
            <subfield code="2">rdacarrier</subfield>
        </datafield>
        <datafield tag="504" ind1=" " ind2=" ">
            <subfield code="a">Includes bibliographical references and index.</subfield>
        </datafield>
        <datafield tag="505" ind1="0" ind2=" ">
            <subfield code="a">Introduction: Batman Saves the Congo -- Celebrity, Disruption, and
                Neoliberal Development -- Narrating the Congo: Dangerous Single Stories and the
                Organizations That Need Them -- Choosing the Congo: How a Celebrity Builds a
                Development Organization -- Marketing the Congo: Products That Sell Development --
                Saving Congolese Coffee: Celebrities and the Business Model for Development --
                Celebrities and the Local Politics of Development: As Seen from Kinshasa --
                Conclusions on Celebrity and Development: Disruption, Advocacy, and Commodification
                -- Epilogue: COVID-19 and Making ECI Relevant Again.</subfield>
        </datafield>
        <datafield tag="533" ind1=" " ind2=" ">
            <subfield code="a">Electronic reproduction.</subfield>
            <subfield code="b">New York</subfield>
            <subfield code="n">Available via World Wide Web.</subfield>
        </datafield>
        <datafield tag="588" ind1=" " ind2=" ">
            <subfield code="a">Description based on online resource; title from digital title page
                (viewed on May 27, 2021).</subfield>
        </datafield>
        <datafield tag="599" ind1=" " ind2=" ">
            <subfield code="a">GOBI eBook load</subfield>
            <subfield code="9">LOCAL</subfield>
        </datafield>
        <datafield tag="650" ind1=" " ind2="0">
            <subfield code="a">Humanitarian assistance</subfield>
            <subfield code="z">Congo (Democratic Republic)</subfield>
        </datafield>
        <datafield tag="650" ind1=" " ind2="0">
            <subfield code="a">Economic development projects</subfield>
            <subfield code="z">Congo (Democratic Republic)</subfield>
        </datafield>
        <datafield tag="650" ind1=" " ind2="0">
            <subfield code="a">Public-private sector cooperation</subfield>
            <subfield code="z">Congo (Democratic Republic)</subfield>
        </datafield>
        <datafield tag="650" ind1=" " ind2="0">
            <subfield code="a">Non-governmental organizations</subfield>
            <subfield code="z">Congo (Democratic Republic)</subfield>
        </datafield>
        <datafield tag="650" ind1=" " ind2="0">
            <subfield code="a">Celebrities</subfield>
            <subfield code="x">Political activity</subfield>
            <subfield code="z">United States.</subfield>
        </datafield>
        <datafield tag="700" ind1="1" ind2=" ">
            <subfield code="a">Richey, Lisa Ann,</subfield>
            <subfield code="e">author.</subfield>
        </datafield>
        <datafield tag="776" ind1="0" ind2="8">
            <subfield code="i">Print version:</subfield>
            <subfield code="a">Budabin, Alexandra Cosima.</subfield>
            <subfield code="t">Batman saves the Congo</subfield>
            <subfield code="d">Minneapolis : University of Minnesota Press, [2021]</subfield>
            <subfield code="z">9781517907587</subfield>
            <subfield code="w">(DLC) 2020058650</subfield>
        </datafield>
        <datafield tag="856" ind1="4" ind2="0">
            <subfield code="u"
                >https://proxy.lib.fsu.edu/login?url=https://www.jstor.org/stable/10.5749/j.ctv1nj351p</subfield>
            <subfield code="y">FSU: Connect to online content </subfield>
            <subfield code="9">LOCAL</subfield>
            <subfield code="z">Unlimited User Access</subfield>
        </datafield>
        <datafield tag="897" ind1="2" ind2=" ">
            <subfield code="a">JSTOR (Organization)</subfield>
        </datafield>
        <datafield tag="957" ind1=" " ind2=" ">
            <subfield code="e">Distributor</subfield>
            <subfield code="9">LOCAL</subfield>
        </datafield>
        <datafield tag="980" ind1=" " ind2=" ">
            <subfield code="a">20210831</subfield>
            <subfield code="b">105.30</subfield>
            <subfield code="d">995731</subfield>
            <subfield code="e">105.30</subfield>
            <subfield code="f">40030552004</subfield>
        </datafield>
        <datafield tag="981" ind1=" " ind2=" ">
            <subfield code="b">FPAABTL</subfield>
        </datafield>
    </record>