
    <record>
        <leader>03543nam a22005651i 4500</leader>
        <controlfield tag="001">ybp14688505</controlfield>
        <controlfield tag="003">NhCcYBP</controlfield>
        <controlfield tag="005">20210831060842.0</controlfield>
        <controlfield tag="006">m |o d | </controlfield>
        <controlfield tag="007">cr |n|||||||||</controlfield>
        <controlfield tag="008">210831s2015 cau ob 101 0 eng d</controlfield>
        <datafield tag="020" ind1=" " ind2=" ">
            <subfield code="a">9781315421377 (electronic bk.)</subfield>
        </datafield>
        <datafield tag="020" ind1=" " ind2=" ">
            <subfield code="a">1315421372 (electronic bk.)</subfield>
        </datafield>
        <datafield tag="020" ind1=" " ind2=" ">
            <subfield code="z">9781629581620</subfield>
        </datafield>
        <datafield tag="020" ind1=" " ind2=" ">
            <subfield code="z">1629581623</subfield>
        </datafield>
        <datafield tag="020" ind1=" " ind2=" ">
            <subfield code="z">9781629581637</subfield>
        </datafield>
        <datafield tag="020" ind1=" " ind2=" ">
            <subfield code="z">1629581631</subfield>
        </datafield>
        <datafield tag="024" ind1="8" ind2=" ">
            <subfield code="a">ybp14688505</subfield>
        </datafield>
        <datafield tag="035" ind1=" " ind2=" ">
            <subfield code="a">99988209503</subfield>
        </datafield>
        <datafield tag="040" ind1=" " ind2=" ">
            <subfield code="a">NhCcYBP</subfield>
            <subfield code="c">NhCcYBP</subfield>
        </datafield>
        <datafield tag="049" ind1=" " ind2=" ">
            <subfield code="a">FSERB-EOCR</subfield>
        </datafield>
        <datafield tag="050" ind1=" " ind2="4">
            <subfield code="a">H62</subfield>
            <subfield code="b">.I657 2015</subfield>
        </datafield>
        <datafield tag="082" ind1="0" ind2="4">
            <subfield code="a">001.4/2</subfield>
            <subfield code="2">23</subfield>
        </datafield>
        <datafield tag="084" ind1=" " ind2=" ">
            <subfield code="a">SOC019000</subfield>
            <subfield code="a">EDU037000</subfield>
            <subfield code="a">MED058200</subfield>
            <subfield code="2">bisacsh</subfield>
        </datafield>
        <datafield tag="111" ind1="2" ind2=" ">
            <subfield code="a">International Congress of Qualitative Inquiry</subfield>
            <subfield code="n">(10th :</subfield>
            <subfield code="d">2014 :</subfield>
            <subfield code="c">University of Illinois, Urbana-Champaign)</subfield>
        </datafield>
        <datafield tag="245" ind1="1" ind2="0">
            <subfield code="a">Qualitative inquiry and the politics of research /</subfield>
            <subfield code="c">Norman K. Denzin &amp; Michael D. Giardina, editors.</subfield>
        </datafield>
        <datafield tag="264" ind1=" " ind2="1">
            <subfield code="a">Walnut Creek, California :</subfield>
            <subfield code="b">Left Coast Press,</subfield>
            <subfield code="c">[2015]</subfield>
        </datafield>
        <datafield tag="300" ind1=" " ind2=" ">
            <subfield code="a">1 online resource.</subfield>
        </datafield>
        <datafield tag="336" ind1=" " ind2=" ">
            <subfield code="a">text</subfield>
            <subfield code="b">txt</subfield>
            <subfield code="2">rdacontent</subfield>
        </datafield>
        <datafield tag="337" ind1=" " ind2=" ">
            <subfield code="a">computer</subfield>
            <subfield code="b">c</subfield>
            <subfield code="2">rdamedia</subfield>
        </datafield>
        <datafield tag="338" ind1=" " ind2=" ">
            <subfield code="a">online resource</subfield>
            <subfield code="b">cr</subfield>
            <subfield code="2">rdacarrier</subfield>
        </datafield>
        <datafield tag="490" ind1="1" ind2=" ">
            <subfield code="a">International Congress of Qualitative Inquiry ;</subfield>
            <subfield code="v">10</subfield>
        </datafield>
        <datafield tag="504" ind1=" " ind2=" ">
            <subfield code="a">Includes bibliographical references and index.</subfield>
        </datafield>
        <datafield tag="505" ind1="8" ind2=" ">
            <subfield code="a">Machine generated contents note: Preface Chapter 1: Introduction,
                Norman K. Denzin &amp; Michael D. Giardina Chapter 2: Challenges of
                interdisciplinary research across ideological and methodological contexts, Mirka
                Koro-Ljungberg Chapter 3: Critical qualitative research in global neoliberalism,
                Gaile Cannella &amp; Yvonna S. Lincoln Chapter 4: Language and representation in
                post qualitative research, Elizabeth Adams St. Pierre Chapter 5: Qualitative
                methodology: The work and thought of the politics of research, Patti Lather Chapter
                6: Qualitative data analysis 2.0: Developments, trends, challenges, Uwe Flick
                Chapter 7: Teaching reflexivity in qualitative research: Fostering a research
                lifestyle, Judith Preissle &amp; Kathleen P. deMarrais Chapter 8: Teaching the
                future autoethnographer: Bringing patients and physicians together, Nicole
                Defenbaugh Chapter 9: Critical autoethnography as intersectional praxis: A
                performative pedagogical interplay on bleeding, Bryant Keith Alexander Chapter 10:
                Writing myself into Winesberg, Ohio, Laura Atkins Chapter 11: The three Rs --
                remembering, revisiting, reworking: How we think, but not in schools, Patrick Lewis
                Chapter 12: Imagining critical qualitative futures researching networks, systems,
                and other power assemblages in the 21st century, Harry Torrance Index About the
                Authors.</subfield>
        </datafield>
        <datafield tag="533" ind1=" " ind2=" ">
            <subfield code="a">Electronic reproduction.</subfield>
            <subfield code="b">London</subfield>
            <subfield code="n">Available via World Wide Web.</subfield>
        </datafield>
        <datafield tag="588" ind1=" " ind2=" ">
            <subfield code="a">Description based on print version record.</subfield>
        </datafield>
        <datafield tag="599" ind1=" " ind2=" ">
            <subfield code="a">GOBI eBook load</subfield>
            <subfield code="9">LOCAL</subfield>
        </datafield>
        <datafield tag="650" ind1=" " ind2="0">
            <subfield code="a">Qualitative research</subfield>
            <subfield code="v">Congresses.</subfield>
        </datafield>
        <datafield tag="650" ind1=" " ind2="0">
            <subfield code="a">Interdisciplinary research</subfield>
            <subfield code="v">Congresses.</subfield>
        </datafield>
        <datafield tag="650" ind1=" " ind2="0">
            <subfield code="a">Research</subfield>
            <subfield code="v">Congresses.</subfield>
        </datafield>
        <datafield tag="650" ind1=" " ind2="0">
            <subfield code="a">Learning and scholarship</subfield>
            <subfield code="v">Congresses.</subfield>
        </datafield>
        <datafield tag="700" ind1="1" ind2=" ">
            <subfield code="a">Denzin, Norman K.</subfield>
        </datafield>
        <datafield tag="700" ind1="1" ind2=" ">
            <subfield code="a">Giardina, Michael D.,</subfield>
            <subfield code="d">1976-</subfield>
        </datafield>
        <datafield tag="776" ind1="0" ind2="8">
            <subfield code="c">Original</subfield>
            <subfield code="z">9781629581620</subfield>
            <subfield code="z">1629581623</subfield>
            <subfield code="z">9781629581637</subfield>
            <subfield code="z">1629581631</subfield>
            <subfield code="w">(DLC) 2015003710</subfield>
        </datafield>
        <datafield tag="830" ind1=" " ind2="0">
            <subfield code="a">International congress of qualitative inquiry (Series) ;</subfield>
            <subfield code="v">v. 10.</subfield>
        </datafield>
        <datafield tag="856" ind1="4" ind2="0">
            <subfield code="u"
                >https://proxy.lib.fsu.edu/login?url=https://www.taylorfrancis.com/books/9781315421377</subfield>
            <subfield code="y">FSU: Connect to online content </subfield>
            <subfield code="9">LOCAL</subfield>
            <subfield code="z">Unlimited User Access</subfield>
        </datafield>
        <datafield tag="897" ind1="2" ind2=" ">
            <subfield code="a">Taylor &amp; Francis</subfield>
        </datafield>
        <datafield tag="957" ind1=" " ind2=" ">
            <subfield code="e">Distributor</subfield>
            <subfield code="9">LOCAL</subfield>
        </datafield>
        <datafield tag="980" ind1=" " ind2=" ">
            <subfield code="a">20210831</subfield>
            <subfield code="b">180.00</subfield>
            <subfield code="d">995729</subfield>
            <subfield code="e">180.00</subfield>
            <subfield code="f">99988209503</subfield>
        </datafield>
        <datafield tag="981" ind1=" " ind2=" ">
            <subfield code="b">FVCIRTL</subfield>
        </datafield>
    </record>