
    <record>
        <leader>03521nam a2200637 i 4500</leader>
        <controlfield tag="001">ybp16211260</controlfield>
        <controlfield tag="003">NhCcYBP</controlfield>
        <controlfield tag="005">20210320155333.4</controlfield>
        <controlfield tag="006">m o d </controlfield>
        <controlfield tag="007">cr cnu---unuuu</controlfield>
        <controlfield tag="008">190830s2018 enk ob 001 0 eng d</controlfield>
        <datafield tag="020" ind1=" " ind2=" ">
            <subfield code="a">9781315316482</subfield>
            <subfield code="q">(electronic bk.)</subfield>
        </datafield>
        <datafield tag="020" ind1=" " ind2=" ">
            <subfield code="a">131531648X</subfield>
            <subfield code="q">(electronic bk.)</subfield>
        </datafield>
        <datafield tag="020" ind1=" " ind2=" ">
            <subfield code="a">9781315316451</subfield>
            <subfield code="q">(electronic bk. ;</subfield>
            <subfield code="q">Mobipocket)</subfield>
        </datafield>
        <datafield tag="020" ind1=" " ind2=" ">
            <subfield code="a">1315316455</subfield>
            <subfield code="q">(electronic bk. ;</subfield>
            <subfield code="q">Mobipocket)</subfield>
        </datafield>
        <datafield tag="020" ind1=" " ind2=" ">
            <subfield code="a">9781315316468</subfield>
            <subfield code="q">(electronic bk. ;</subfield>
            <subfield code="q">EPUB)</subfield>
        </datafield>
        <datafield tag="020" ind1=" " ind2=" ">
            <subfield code="a">1315316463</subfield>
            <subfield code="q">(electronic bk. ;</subfield>
            <subfield code="q">EPUB)</subfield>
        </datafield>
        <datafield tag="020" ind1=" " ind2=" ">
            <subfield code="a">9781315316475</subfield>
            <subfield code="q">(electronic bk. ;</subfield>
            <subfield code="q">PDF)</subfield>
        </datafield>
        <datafield tag="020" ind1=" " ind2=" ">
            <subfield code="a">1315316471</subfield>
            <subfield code="q">(electronic bk. ;</subfield>
            <subfield code="q">PDF)</subfield>
        </datafield>
        <datafield tag="020" ind1=" " ind2=" ">
            <subfield code="z">9781138230989</subfield>
        </datafield>
        <datafield tag="020" ind1=" " ind2=" ">
            <subfield code="z">1138230987</subfield>
        </datafield>
        <datafield tag="024" ind1="8" ind2=" ">
            <subfield code="a">ybp16211260</subfield>
        </datafield>
        <datafield tag="035" ind1=" " ind2=" ">
            <subfield code="a">99988209501</subfield>
        </datafield>
        <datafield tag="037" ind1=" " ind2=" ">
            <subfield code="a">9781315316482</subfield>
            <subfield code="b">Taylor &amp; Francis</subfield>
        </datafield>
        <datafield tag="040" ind1=" " ind2=" ">
            <subfield code="a">NhCcYBP</subfield>
            <subfield code="c">NhCcYBP</subfield>
        </datafield>
        <datafield tag="049" ind1=" " ind2=" ">
            <subfield code="a">FSERB-EOCR</subfield>
        </datafield>
        <datafield tag="050" ind1=" " ind2="4">
            <subfield code="a">GN345</subfield>
            <subfield code="b">.Q84 2018</subfield>
        </datafield>
        <datafield tag="072" ind1=" " ind2="7">
            <subfield code="a">SOC</subfield>
            <subfield code="x">002000</subfield>
            <subfield code="2">bisacsh</subfield>
        </datafield>
        <datafield tag="072" ind1=" " ind2="7">
            <subfield code="a">JHMC</subfield>
            <subfield code="2">bicssc</subfield>
        </datafield>
        <datafield tag="082" ind1="0" ind2="4">
            <subfield code="a">306.76</subfield>
            <subfield code="2">23</subfield>
        </datafield>
        <datafield tag="245" ind1="0" ind2="0">
            <subfield code="a">Queering knowledge :</subfield>
            <subfield code="b">analytics, devices and investments after Marilyn Strathern
                /</subfield>
            <subfield code="c">edited by Paul Boyce, E.J. Gonzalez-Polledo, Silvia
                Posocco.</subfield>
        </datafield>
        <datafield tag="264" ind1=" " ind2="1">
            <subfield code="a">London :</subfield>
            <subfield code="b">Routledge,</subfield>
            <subfield code="c">2018.</subfield>
        </datafield>
        <datafield tag="300" ind1=" " ind2=" ">
            <subfield code="a">1 online resource.</subfield>
        </datafield>
        <datafield tag="336" ind1=" " ind2=" ">
            <subfield code="a">text</subfield>
            <subfield code="b">txt</subfield>
            <subfield code="2">rdacontent</subfield>
        </datafield>
        <datafield tag="337" ind1=" " ind2=" ">
            <subfield code="a">computer</subfield>
            <subfield code="b">c</subfield>
            <subfield code="2">rdamedia</subfield>
        </datafield>
        <datafield tag="338" ind1=" " ind2=" ">
            <subfield code="a">online resource</subfield>
            <subfield code="b">cr</subfield>
            <subfield code="2">rdacarrier</subfield>
        </datafield>
        <datafield tag="490" ind1="0" ind2=" ">
            <subfield code="a">Theorizing ethnography</subfield>
        </datafield>
        <datafield tag="533" ind1=" " ind2=" ">
            <subfield code="a">Electronic reproduction.</subfield>
            <subfield code="b">London</subfield>
            <subfield code="n">Available via World Wide Web.</subfield>
        </datafield>
        <datafield tag="545" ind1="0" ind2=" ">
            <subfield code="a">Paul Boyce is Senior Lecturer in the Anthropology and International
                Development at the University of Sussex, UK. He works at intersections of
                anthropological theory and global health research and is currently preparing a
                monograph - Sexualities, HIV and Ethnograpghy: Sexual Worldings and Queer
                Misrecognitions in India. His recent co-edited book is entitled Researching Sex and
                Sexualities. E.J. Gonzalez-Polledo is a lecturer in the Anthropology Department at
                Goldsmiths, University of London, UK. Gonzalez-Polledo's research interests
                encompass gender transition; health, the biosciences and biosociality; and digital
                infrastructures. Gonzalez-Polledo is currently developing two major research
                projects on synthetic biology and biohacking, and forensic bioinformation. Silvia
                Posocco is Senior Lecturer in the Department of Psychosocial Studies, Birkbeck,
                University of London, UK. Posocco's research focuses on gender, sexuality, violence,
                life and death. Current projects include a monograph on transnational adoptions
                circuits in the aftermath of war in Guatemala and new research on forensic
                biorepositories, bioinformation and evidence.</subfield>
        </datafield>
        <datafield tag="588" ind1="0" ind2=" ">
            <subfield code="a">Print version record.</subfield>
        </datafield>
        <datafield tag="504" ind1=" " ind2=" ">
            <subfield code="a">Includes bibliographical references and index.</subfield>
        </datafield>
        <datafield tag="599" ind1=" " ind2=" ">
            <subfield code="a">GOBI eBook load</subfield>
            <subfield code="9">LOCAL</subfield>
        </datafield>
        <datafield tag="600" ind1="1" ind2="0">
            <subfield code="a">Strathern, Marilyn.</subfield>
        </datafield>
        <datafield tag="650" ind1=" " ind2="0">
            <subfield code="a">Ethnology</subfield>
            <subfield code="x">Research.</subfield>
        </datafield>
        <datafield tag="650" ind1=" " ind2="0">
            <subfield code="a">Sexual minority community</subfield>
            <subfield code="x">Research.</subfield>
        </datafield>
        <datafield tag="650" ind1=" " ind2="0">
            <subfield code="a">Queer theory.</subfield>
        </datafield>
        <datafield tag="650" ind1=" " ind2="0">
            <subfield code="a">Ethnology</subfield>
            <subfield code="x">Data processing.</subfield>
        </datafield>
        <datafield tag="700" ind1="1" ind2=" ">
            <subfield code="a">Boyce, Paul,</subfield>
            <subfield code="e">editor.</subfield>
        </datafield>
        <datafield tag="700" ind1="1" ind2=" ">
            <subfield code="a">Gonzalez-Polledo, E. J.,</subfield>
            <subfield code="d">1980-</subfield>
            <subfield code="e">editor.</subfield>
        </datafield>
        <datafield tag="700" ind1="1" ind2=" ">
            <subfield code="a">Posocco, Silvia,</subfield>
            <subfield code="e">editor.</subfield>
        </datafield>
        <datafield tag="776" ind1="0" ind2="8">
            <subfield code="i">Print version:</subfield>
            <subfield code="t">Queering knowledge.</subfield>
            <subfield code="d">London : Routledge, 2018</subfield>
            <subfield code="z">9781138230989</subfield>
        </datafield>
        <datafield tag="856" ind1="4" ind2="0">
            <subfield code="u"
                >https://proxy.lib.fsu.edu/login?url=https://www.taylorfrancis.com/books/9781315316482</subfield>
            <subfield code="y">FSU: Connect to online content </subfield>
            <subfield code="9">LOCAL</subfield>
            <subfield code="z">Unlimited User Access</subfield>
        </datafield>
        <datafield tag="897" ind1="2" ind2=" ">
            <subfield code="a">Taylor &amp; Francis</subfield>
        </datafield>
        <datafield tag="957" ind1=" " ind2=" ">
            <subfield code="e">Distributor</subfield>
            <subfield code="9">LOCAL</subfield>
        </datafield>
        <datafield tag="980" ind1=" " ind2=" ">
            <subfield code="a">20210831</subfield>
            <subfield code="b">180.00</subfield>
            <subfield code="d">995729</subfield>
            <subfield code="e">180.00</subfield>
            <subfield code="f">99988209501</subfield>
        </datafield>
        <datafield tag="981" ind1=" " ind2=" ">
            <subfield code="b">FAAIRTL</subfield>
        </datafield>
    </record>