
    <record>
        <leader>02771nam a2200601 i 4500</leader>
        <controlfield tag="001">ybp16149951</controlfield>
        <controlfield tag="003">DLC</controlfield>
        <controlfield tag="005">20210224141539.2</controlfield>
        <controlfield tag="006">m o d </controlfield>
        <controlfield tag="007">cr cnu---unuuu</controlfield>
        <controlfield tag="008">190803s2020 nyuab ob 001 0 eng </controlfield>
        <datafield tag="010" ind1=" " ind2=" ">
            <subfield code="a"> 2019980830</subfield>
        </datafield>
        <datafield tag="020" ind1=" " ind2=" ">
            <subfield code="a">0203702190</subfield>
            <subfield code="q">electronic book</subfield>
        </datafield>
        <datafield tag="020" ind1=" " ind2=" ">
            <subfield code="a">9781351332767</subfield>
            <subfield code="q">electronic book</subfield>
        </datafield>
        <datafield tag="020" ind1=" " ind2=" ">
            <subfield code="a">1351332767</subfield>
            <subfield code="q">electronic book</subfield>
        </datafield>
        <datafield tag="020" ind1=" " ind2=" ">
            <subfield code="a">9781351332750</subfield>
            <subfield code="q">electronic book</subfield>
        </datafield>
        <datafield tag="020" ind1=" " ind2=" ">
            <subfield code="a">1351332759</subfield>
            <subfield code="q">electronic book</subfield>
        </datafield>
        <datafield tag="020" ind1=" " ind2=" ">
            <subfield code="a">9781351332743</subfield>
            <subfield code="q">mobi</subfield>
        </datafield>
        <datafield tag="020" ind1=" " ind2=" ">
            <subfield code="a">1351332740</subfield>
        </datafield>
        <datafield tag="020" ind1=" " ind2=" ">
            <subfield code="a">9780203702192</subfield>
            <subfield code="q">(electronic bk.)</subfield>
        </datafield>
        <datafield tag="020" ind1=" " ind2=" ">
            <subfield code="z">9781629582702</subfield>
            <subfield code="q">hardcover</subfield>
        </datafield>
        <datafield tag="020" ind1=" " ind2=" ">
            <subfield code="z">9781629582719</subfield>
            <subfield code="q">paperback</subfield>
        </datafield>
        <datafield tag="020" ind1=" " ind2=" ">
            <subfield code="z">1629582700</subfield>
        </datafield>
        <datafield tag="024" ind1="8" ind2=" ">
            <subfield code="a">ybp16149951</subfield>
        </datafield>
        <datafield tag="035" ind1=" " ind2=" ">
            <subfield code="a">99988209500</subfield>
        </datafield>
        <datafield tag="040" ind1=" " ind2=" ">
            <subfield code="a">NhCcYBP</subfield>
            <subfield code="c">NhCcYBP</subfield>
        </datafield>
        <datafield tag="042" ind1=" " ind2=" ">
            <subfield code="a">pcc</subfield>
        </datafield>
        <datafield tag="043" ind1=" " ind2=" ">
            <subfield code="a">n-us---</subfield>
        </datafield>
        <datafield tag="049" ind1=" " ind2=" ">
            <subfield code="a">FSERB-EOCR</subfield>
        </datafield>
        <datafield tag="050" ind1=" " ind2="4">
            <subfield code="a">E159</subfield>
            <subfield code="b">.L56 2020</subfield>
        </datafield>
        <datafield tag="082" ind1="0" ind2="0">
            <subfield code="a">973.2</subfield>
            <subfield code="2">23</subfield>
        </datafield>
        <datafield tag="100" ind1="1" ind2=" ">
            <subfield code="a">Lindsay, Anne,</subfield>
            <subfield code="d">1979-</subfield>
            <subfield code="e">author.</subfield>
        </datafield>
        <datafield tag="245" ind1="1" ind2="0">
            <subfield code="a">Reconsidering interpretation of heritage sites :</subfield>
            <subfield code="b">America in the eighteenth century /</subfield>
            <subfield code="c">Anne Lindsay.</subfield>
        </datafield>
        <datafield tag="264" ind1=" " ind2="1">
            <subfield code="a">New York, NY :</subfield>
            <subfield code="b">Routledge,</subfield>
            <subfield code="c">2020.</subfield>
        </datafield>
        <datafield tag="300" ind1=" " ind2=" ">
            <subfield code="a">1 online resource.</subfield>
        </datafield>
        <datafield tag="336" ind1=" " ind2=" ">
            <subfield code="a">text</subfield>
            <subfield code="b">txt</subfield>
            <subfield code="2">rdacontent</subfield>
        </datafield>
        <datafield tag="337" ind1=" " ind2=" ">
            <subfield code="a">computer</subfield>
            <subfield code="b">c</subfield>
            <subfield code="2">rdamedia</subfield>
        </datafield>
        <datafield tag="338" ind1=" " ind2=" ">
            <subfield code="a">online resource</subfield>
            <subfield code="b">cr</subfield>
            <subfield code="2">rdacarrier</subfield>
        </datafield>
        <datafield tag="504" ind1=" " ind2=" ">
            <subfield code="a">Includes bibliographical references and index.</subfield>
        </datafield>
        <datafield tag="505" ind1="0" ind2=" ">
            <subfield code="a">Interpreting the lived experience of individuals and families in the
                eighteenth-century -- Eighteenth-century interpretations of environmental and global
                contexts at historic sites -- Breathing life into historic house museums --
                Interpreting eighteenth-century streets and gardens in the urban environment --
                Problematizing eighteenth-century interpretation in the homes of
                founders.</subfield>
        </datafield>
        <datafield tag="533" ind1=" " ind2=" ">
            <subfield code="a">Electronic reproduction.</subfield>
            <subfield code="b">London</subfield>
            <subfield code="n">Available via World Wide Web.</subfield>
        </datafield>
        <datafield tag="588" ind1=" " ind2=" ">
            <subfield code="a">Description based on online resource; title from digital title page
                (viewed on September 19, 2019).</subfield>
        </datafield>
        <datafield tag="599" ind1=" " ind2=" ">
            <subfield code="a">GOBI eBook load</subfield>
            <subfield code="9">LOCAL</subfield>
        </datafield>
        <datafield tag="650" ind1=" " ind2="0">
            <subfield code="a">Historic sites</subfield>
            <subfield code="x">Interpretive programs</subfield>
            <subfield code="z">United States</subfield>
            <subfield code="v">Case studies.</subfield>
        </datafield>
        <datafield tag="650" ind1=" " ind2="0">
            <subfield code="a">Historic house museums</subfield>
            <subfield code="x">Interpretive programs</subfield>
            <subfield code="z">United States</subfield>
            <subfield code="v">Case studies.</subfield>
        </datafield>
        <datafield tag="651" ind1=" " ind2="0">
            <subfield code="a">United States</subfield>
            <subfield code="x">History</subfield>
            <subfield code="y">Colonial period, ca. 1600-1775</subfield>
            <subfield code="x">Historiography.</subfield>
        </datafield>
        <datafield tag="648" ind1=" " ind2="7">
            <subfield code="a">1600-1775</subfield>
            <subfield code="2">fast</subfield>
        </datafield>
        <datafield tag="776" ind1="0" ind2="8">
            <subfield code="i">Print version:</subfield>
            <subfield code="a">Lindsay, Anne, 1979-</subfield>
            <subfield code="t">Reconsidering interpretation of heritage sites</subfield>
            <subfield code="d">Abingdon, Oxon ; New York, NY : Routledge, 2020.</subfield>
            <subfield code="z">9781629582702</subfield>
            <subfield code="w">(DLC) 2019014624</subfield>
        </datafield>
        <datafield tag="856" ind1="4" ind2="0">
            <subfield code="u"
                >https://proxy.lib.fsu.edu/login?url=https://www.taylorfrancis.com/books/9780203702192</subfield>
            <subfield code="y">FSU: Connect to online content </subfield>
            <subfield code="9">LOCAL</subfield>
            <subfield code="z">Unlimited User Access</subfield>
        </datafield>
        <datafield tag="897" ind1="2" ind2=" ">
            <subfield code="a">Taylor &amp; Francis</subfield>
        </datafield>
        <datafield tag="957" ind1=" " ind2=" ">
            <subfield code="e">Distributor</subfield>
            <subfield code="9">LOCAL</subfield>
        </datafield>
        <datafield tag="980" ind1=" " ind2=" ">
            <subfield code="a">20210831</subfield>
            <subfield code="b">180.00</subfield>
            <subfield code="d">995729</subfield>
            <subfield code="e">180.00</subfield>
            <subfield code="f">99988209500</subfield>
        </datafield>
        <datafield tag="981" ind1=" " ind2=" ">
            <subfield code="b">FAPIRTL</subfield>
        </datafield>
    </record>