
    <record>
        <leader>02740nam a22005411a 4500</leader>
        <controlfield tag="001">ybp3283272</controlfield>
        <controlfield tag="003">NhCcYBP</controlfield>
        <controlfield tag="005">20210831060844.8</controlfield>
        <controlfield tag="006">m |o d | </controlfield>
        <controlfield tag="007">cr |n|||||||||</controlfield>
        <controlfield tag="008">210831s2011 nyu ob 001 0 eng d</controlfield>
        <datafield tag="020" ind1=" " ind2=" ">
            <subfield code="a">9780203844700 (electronic bk.)</subfield>
        </datafield>
        <datafield tag="020" ind1=" " ind2=" ">
            <subfield code="a">020384470X (electronic bk.)</subfield>
        </datafield>
        <datafield tag="020" ind1=" " ind2=" ">
            <subfield code="z">9780415873628 (hbk.)</subfield>
        </datafield>
        <datafield tag="020" ind1=" " ind2=" ">
            <subfield code="z">0415873622 (hbk.)</subfield>
        </datafield>
        <datafield tag="024" ind1="8" ind2=" ">
            <subfield code="a">ybp3283272</subfield>
        </datafield>
        <datafield tag="035" ind1=" " ind2=" ">
            <subfield code="a">99988209488</subfield>
        </datafield>
        <datafield tag="040" ind1=" " ind2=" ">
            <subfield code="a">NhCcYBP</subfield>
            <subfield code="c">NhCcYBP</subfield>
        </datafield>
        <datafield tag="043" ind1=" " ind2=" ">
            <subfield code="a">cc-----</subfield>
        </datafield>
        <datafield tag="049" ind1=" " ind2=" ">
            <subfield code="a">FSERB-EOCR</subfield>
        </datafield>
        <datafield tag="050" ind1=" " ind2="4">
            <subfield code="a">PR9205.05</subfield>
            <subfield code="b">.P34 2011</subfield>
        </datafield>
        <datafield tag="082" ind1="0" ind2="4">
            <subfield code="a">810.9/3552</subfield>
            <subfield code="2">22</subfield>
        </datafield>
        <datafield tag="100" ind1="1" ind2=" ">
            <subfield code="a">Page, Kezia Ann.</subfield>
        </datafield>
        <datafield tag="245" ind1="1" ind2="0">
            <subfield code="a">Transnational negotiations in Caribbean diasporic literature
                :</subfield>
            <subfield code="b">remitting the text /</subfield>
            <subfield code="c">by Kezia Page.</subfield>
        </datafield>
        <datafield tag="260" ind1=" " ind2=" ">
            <subfield code="a">New York :</subfield>
            <subfield code="b">Routledge,</subfield>
            <subfield code="c">2011.</subfield>
        </datafield>
        <datafield tag="300" ind1=" " ind2=" ">
            <subfield code="a">1 online resource.</subfield>
        </datafield>
        <datafield tag="336" ind1=" " ind2=" ">
            <subfield code="a">text</subfield>
            <subfield code="b">txt</subfield>
            <subfield code="2">rdacontent</subfield>
        </datafield>
        <datafield tag="337" ind1=" " ind2=" ">
            <subfield code="a">computer</subfield>
            <subfield code="b">c</subfield>
            <subfield code="2">rdamedia</subfield>
        </datafield>
        <datafield tag="338" ind1=" " ind2=" ">
            <subfield code="a">online resource</subfield>
            <subfield code="b">cr</subfield>
            <subfield code="2">rdacarrier</subfield>
        </datafield>
        <datafield tag="490" ind1="1" ind2=" ">
            <subfield code="a">Routledge research in postcolonial literatures ;</subfield>
            <subfield code="v">29</subfield>
        </datafield>
        <datafield tag="504" ind1=" " ind2=" ">
            <subfield code="a">Includes bibliographical references (pages 139-149) and
                index.</subfield>
        </datafield>
        <datafield tag="505" ind1="0" ind2=" ">
            <subfield code="a">Introduction: theorizing diaspora, theorizing home -- Creating
                diaspora: Caribbean migrant literature in England and North America, 1930s-1960s --
                Migrant bodies, scars and tattoos: art as terror and transformation in Edwidge
                Danticat's Brother I'm dying and The dew breaker -- &quot;Two places can make
                children&quot;: metaphysics, authorship and the borders of diaspora -- Rethinking a
                Caribbean literary economy: Jamaica Kincaid's My brother and Beryl Gilroy's
                Frangipani House as remittance texts -- &quot;No abiding city&quot;?: theorizing
                deportation in Caribbean migrant fiction -- Afterword: on the edge of the
                world.</subfield>
        </datafield>
        <datafield tag="533" ind1=" " ind2=" ">
            <subfield code="a">Electronic reproduction.</subfield>
            <subfield code="b">London</subfield>
            <subfield code="n">Available via World Wide Web.</subfield>
        </datafield>
        <datafield tag="588" ind1=" " ind2=" ">
            <subfield code="a">Description based on print version record.</subfield>
        </datafield>
        <datafield tag="599" ind1=" " ind2=" ">
            <subfield code="a">GOBI eBook load</subfield>
            <subfield code="9">LOCAL</subfield>
        </datafield>
        <datafield tag="650" ind1=" " ind2="0">
            <subfield code="a">Caribbean literature (English)</subfield>
            <subfield code="x">History and criticism.</subfield>
        </datafield>
        <datafield tag="650" ind1=" " ind2="0">
            <subfield code="a">American literature</subfield>
            <subfield code="x">Caribbean American authors</subfield>
            <subfield code="x">History and criticism.</subfield>
        </datafield>
        <datafield tag="650" ind1=" " ind2="0">
            <subfield code="a">English literature</subfield>
            <subfield code="x">Caribbean authors</subfield>
            <subfield code="x">History and criticism.</subfield>
        </datafield>
        <datafield tag="650" ind1=" " ind2="0">
            <subfield code="a">Emigration and immigration in literature.</subfield>
        </datafield>
        <datafield tag="650" ind1=" " ind2="0">
            <subfield code="a">Displacement (Psychology) in literature.</subfield>
        </datafield>
        <datafield tag="651" ind1=" " ind2="0">
            <subfield code="a">Caribbean Area</subfield>
            <subfield code="x">In literature.</subfield>
        </datafield>
        <datafield tag="776" ind1="0" ind2="8">
            <subfield code="c">Original</subfield>
            <subfield code="z">9780415873628</subfield>
            <subfield code="z">0415873622</subfield>
            <subfield code="w">(DLC) 2010007760</subfield>
        </datafield>
        <datafield tag="830" ind1=" " ind2="0">
            <subfield code="a">Routledge research in postcolonial literatures ;</subfield>
            <subfield code="v">29.</subfield>
        </datafield>
        <datafield tag="856" ind1="4" ind2="0">
            <subfield code="u"
                >https://proxy.lib.fsu.edu/login?url=https://www.taylorfrancis.com/books/9780203844700</subfield>
            <subfield code="y">FSU: Connect to online content </subfield>
            <subfield code="9">LOCAL</subfield>
            <subfield code="z">Unlimited User Access</subfield>
        </datafield>
        <datafield tag="897" ind1="2" ind2=" ">
            <subfield code="a">Taylor &amp; Francis</subfield>
        </datafield>
        <datafield tag="957" ind1=" " ind2=" ">
            <subfield code="e">Distributor</subfield>
            <subfield code="9">LOCAL</subfield>
        </datafield>
        <datafield tag="980" ind1=" " ind2=" ">
            <subfield code="a">20210831</subfield>
            <subfield code="b">180.00</subfield>
            <subfield code="d">995729</subfield>
            <subfield code="e">180.00</subfield>
            <subfield code="f">99988209488</subfield>
        </datafield>
        <datafield tag="981" ind1=" " ind2=" ">
            <subfield code="b">FAEIRTL</subfield>
        </datafield>
    </record>