
    <record>
        <leader>03358nam a2200709 i 4500</leader>
        <controlfield tag="001">ybp15682922</controlfield>
        <controlfield tag="003">DLC</controlfield>
        <controlfield tag="005">20201106142322.8</controlfield>
        <controlfield tag="006">m o d </controlfield>
        <controlfield tag="007">cr |||||||||||</controlfield>
        <controlfield tag="008">181210t20192019enka ob 001 0 eng </controlfield>
        <datafield tag="010" ind1=" " ind2=" ">
            <subfield code="a"> 2018058952</subfield>
        </datafield>
        <datafield tag="020" ind1=" " ind2=" ">
            <subfield code="a">9781351052986</subfield>
            <subfield code="q">(Master ebook)</subfield>
        </datafield>
        <datafield tag="020" ind1=" " ind2=" ">
            <subfield code="a">1351052985</subfield>
            <subfield code="q">(Master ebook)</subfield>
        </datafield>
        <datafield tag="020" ind1=" " ind2=" ">
            <subfield code="a">9781351052979</subfield>
            <subfield code="q">(Adobe Reader)</subfield>
        </datafield>
        <datafield tag="020" ind1=" " ind2=" ">
            <subfield code="a">1351052977</subfield>
            <subfield code="q">(Adobe Reader)</subfield>
        </datafield>
        <datafield tag="020" ind1=" " ind2=" ">
            <subfield code="a">9781351052962</subfield>
            <subfield code="q">(ePub3)</subfield>
        </datafield>
        <datafield tag="020" ind1=" " ind2=" ">
            <subfield code="a">1351052969</subfield>
            <subfield code="q">(ePub3)</subfield>
        </datafield>
        <datafield tag="020" ind1=" " ind2=" ">
            <subfield code="a">9781351052955</subfield>
            <subfield code="q">(Mobipocket)</subfield>
        </datafield>
        <datafield tag="020" ind1=" " ind2=" ">
            <subfield code="a">1351052950</subfield>
            <subfield code="q">(Mobipocket)</subfield>
        </datafield>
        <datafield tag="020" ind1=" " ind2=" ">
            <subfield code="a">9781351052962</subfield>
            <subfield code="q">(Mobipocket Unencrypted)</subfield>
        </datafield>
        <datafield tag="020" ind1=" " ind2=" ">
            <subfield code="a">1351052969</subfield>
            <subfield code="q">(Mobipocket Unencrypted)</subfield>
        </datafield>
        <datafield tag="020" ind1=" " ind2=" ">
            <subfield code="z">9781138484115</subfield>
            <subfield code="q">(hardback ;</subfield>
            <subfield code="q">alkaline paper)</subfield>
        </datafield>
        <datafield tag="020" ind1=" " ind2=" ">
            <subfield code="z">9781138484122</subfield>
            <subfield code="q">(paperback)</subfield>
        </datafield>
        <datafield tag="024" ind1="8" ind2=" ">
            <subfield code="a">ybp15682922</subfield>
        </datafield>
        <datafield tag="035" ind1=" " ind2=" ">
            <subfield code="a">99988209486</subfield>
        </datafield>
        <datafield tag="037" ind1=" " ind2=" ">
            <subfield code="a">9781351052962</subfield>
            <subfield code="b">Ingram Content Group</subfield>
        </datafield>
        <datafield tag="040" ind1=" " ind2=" ">
            <subfield code="a">NhCcYBP</subfield>
            <subfield code="c">NhCcYBP</subfield>
        </datafield>
        <datafield tag="042" ind1=" " ind2=" ">
            <subfield code="a">pcc</subfield>
        </datafield>
        <datafield tag="046" ind1=" " ind2=" ">
            <subfield code="k">2019</subfield>
            <subfield code="2">edtf</subfield>
        </datafield>
        <datafield tag="049" ind1=" " ind2=" ">
            <subfield code="a">FSERB-EOCR</subfield>
        </datafield>
        <datafield tag="050" ind1=" " ind2="4">
            <subfield code="a">GV1589</subfield>
            <subfield code="b">.O84 2019</subfield>
        </datafield>
        <datafield tag="072" ind1=" " ind2="7">
            <subfield code="a">PER</subfield>
            <subfield code="x">011000</subfield>
            <subfield code="2">bisacsh</subfield>
        </datafield>
        <datafield tag="072" ind1=" " ind2="7">
            <subfield code="a">PER</subfield>
            <subfield code="x">003000</subfield>
            <subfield code="2">bisacsh</subfield>
        </datafield>
        <datafield tag="072" ind1=" " ind2="7">
            <subfield code="a">ASD</subfield>
            <subfield code="2">bicssc</subfield>
        </datafield>
        <datafield tag="082" ind1="0" ind2="0">
            <subfield code="a">792.8072</subfield>
            <subfield code="2">23</subfield>
        </datafield>
        <datafield tag="100" ind1="1" ind2=" ">
            <subfield code="a">Overby, Lynnette Young,</subfield>
            <subfield code="e">author.</subfield>
        </datafield>
        <datafield tag="245" ind1="1" ind2="0">
            <subfield code="a">Undergraduate research in dance :</subfield>
            <subfield code="b">a guide for students /</subfield>
            <subfield code="c">Lynnette Young Overby, Jenny Olin Shanahan, and Gregory
                Young.</subfield>
        </datafield>
        <datafield tag="264" ind1=" " ind2="1">
            <subfield code="a">Abingdon, Oxon ;</subfield>
            <subfield code="a">New York, NY :</subfield>
            <subfield code="b">Routledge/Taylor &amp; Francis Group,</subfield>
            <subfield code="c">2019.</subfield>
        </datafield>
        <datafield tag="264" ind1=" " ind2="4">
            <subfield code="c">©2019</subfield>
        </datafield>
        <datafield tag="300" ind1=" " ind2=" ">
            <subfield code="a">1 online resource.</subfield>
        </datafield>
        <datafield tag="336" ind1=" " ind2=" ">
            <subfield code="a">text</subfield>
            <subfield code="b">txt</subfield>
            <subfield code="2">rdacontent</subfield>
        </datafield>
        <datafield tag="336" ind1=" " ind2=" ">
            <subfield code="a">still image</subfield>
            <subfield code="b">sti</subfield>
            <subfield code="2">rdacontent</subfield>
        </datafield>
        <datafield tag="337" ind1=" " ind2=" ">
            <subfield code="a">computer</subfield>
            <subfield code="b">n</subfield>
            <subfield code="2">rdamedia</subfield>
        </datafield>
        <datafield tag="338" ind1=" " ind2=" ">
            <subfield code="a">online resource</subfield>
            <subfield code="b">nc</subfield>
            <subfield code="2">rdacarrier</subfield>
        </datafield>
        <datafield tag="490" ind1="1" ind2=" ">
            <subfield code="a">Routledge undergraduate research series</subfield>
        </datafield>
        <datafield tag="504" ind1=" " ind2=" ">
            <subfield code="a">Includes bibliographical references and index.</subfield>
        </datafield>
        <datafield tag="505" ind1="0" ind2=" ">
            <subfield code="a">Overview -- Literature reviews -- Choosing topics and formulating
                appropriate research questions or project goals -- Working with human subjects --
                Collecting data -- Analyzing and synthesizing data -- Arts-based research in dance
                -- Citing sources -- Dissemination of results -- Dance therapy -- Interdisciplinary
                projects -- Public scholarship and dance -- Choreography as research -- Cultural
                studies in dance -- The discovery of knowledge in dance history -- Dance science --
                Psychological and cognitive aspects of dance -- Application and activation:
                choreography interacting with digital media -- Dance education -- Online
                resources.</subfield>
        </datafield>
        <datafield tag="533" ind1=" " ind2=" ">
            <subfield code="a">Electronic reproduction.</subfield>
            <subfield code="b">London</subfield>
            <subfield code="n">Available via World Wide Web.</subfield>
        </datafield>
        <datafield tag="588" ind1="0" ind2=" ">
            <subfield code="a">Print version record.</subfield>
        </datafield>
        <datafield tag="599" ind1=" " ind2=" ">
            <subfield code="a">GOBI eBook load</subfield>
            <subfield code="9">LOCAL</subfield>
        </datafield>
        <datafield tag="650" ind1=" " ind2="0">
            <subfield code="a">Dance</subfield>
            <subfield code="x">Study and teaching (Higher)</subfield>
        </datafield>
        <datafield tag="650" ind1=" " ind2="0">
            <subfield code="a">Dance</subfield>
            <subfield code="x">Research</subfield>
            <subfield code="x">Methodology.</subfield>
        </datafield>
        <datafield tag="700" ind1="1" ind2=" ">
            <subfield code="a">Shanahan, Jenny Olin,</subfield>
            <subfield code="e">author.</subfield>
        </datafield>
        <datafield tag="700" ind1="1" ind2=" ">
            <subfield code="a">Young, Gregory</subfield>
            <subfield code="c">(Professor of music),</subfield>
            <subfield code="e">author.</subfield>
        </datafield>
        <datafield tag="776" ind1="0" ind2="8">
            <subfield code="i">Print version:</subfield>
            <subfield code="a">Overby, Lynnette Young.</subfield>
            <subfield code="t">Undergraduate research in dance.</subfield>
            <subfield code="d">Abingdon, Oxon ; New York, NY : Routledge, 2019</subfield>
            <subfield code="z">9781138484115</subfield>
            <subfield code="w">(DLC) 2018040450</subfield>
        </datafield>
        <datafield tag="830" ind1=" " ind2="0">
            <subfield code="a">Routledge undergraduate research series.</subfield>
        </datafield>
        <datafield tag="856" ind1="4" ind2="0">
            <subfield code="u"
                >https://proxy.lib.fsu.edu/login?url=https://www.taylorfrancis.com/books/9781351052986</subfield>
            <subfield code="y">FSU: Connect to online content </subfield>
            <subfield code="9">LOCAL</subfield>
            <subfield code="z">Unlimited User Access</subfield>
        </datafield>
        <datafield tag="897" ind1="2" ind2=" ">
            <subfield code="a">Taylor &amp; Francis</subfield>
        </datafield>
        <datafield tag="957" ind1=" " ind2=" ">
            <subfield code="e">Distributor</subfield>
            <subfield code="9">LOCAL</subfield>
        </datafield>
        <datafield tag="980" ind1=" " ind2=" ">
            <subfield code="a">20210831</subfield>
            <subfield code="b">180.00</subfield>
            <subfield code="d">995729</subfield>
            <subfield code="e">180.00</subfield>
            <subfield code="f">99988209486</subfield>
        </datafield>
        <datafield tag="981" ind1=" " ind2=" ">
            <subfield code="b">FVCIRTL</subfield>
        </datafield>
    </record>