
    <record>
        <leader>02702nam a22005291i 4500</leader>
        <controlfield tag="001">ebc581476</controlfield>
        <controlfield tag="003">NhCcYBP</controlfield>
        <controlfield tag="005">20170404061202.4</controlfield>
        <controlfield tag="006">m |o d | </controlfield>
        <controlfield tag="007">cr |n|||||||||</controlfield>
        <controlfield tag="008">170404t20102010njua ob 000 0 eng d</controlfield>
        <datafield tag="020" ind1=" " ind2=" ">
            <subfield code="a">9781118656402 (electronic bk.)</subfield>
        </datafield>
        <datafield tag="020" ind1=" " ind2=" ">
            <subfield code="a">1118656407 (electronic bk.)</subfield>
        </datafield>
        <datafield tag="020" ind1=" " ind2=" ">
            <subfield code="z">9780470876411</subfield>
        </datafield>
        <datafield tag="020" ind1=" " ind2=" ">
            <subfield code="z">0470876417</subfield>
        </datafield>
        <datafield tag="024" ind1="8" ind2=" ">
            <subfield code="a">ybp12673073</subfield>
        </datafield>
        <datafield tag="035" ind1=" " ind2=" ">
            <subfield code="a">99988209032</subfield>
        </datafield>
        <datafield tag="040" ind1=" " ind2=" ">
            <subfield code="a">NhCcYBP</subfield>
            <subfield code="c">NhCcYBP</subfield>
        </datafield>
        <datafield tag="049" ind1=" " ind2=" ">
            <subfield code="a">FSERB-EOCR</subfield>
        </datafield>
        <datafield tag="050" ind1=" " ind2="4">
            <subfield code="a">HD30.28</subfield>
            <subfield code="b">.O778 2010</subfield>
        </datafield>
        <datafield tag="082" ind1="0" ind2="4">
            <subfield code="a">658.4/012</subfield>
            <subfield code="2">22</subfield>
        </datafield>
        <datafield tag="100" ind1="1" ind2=" ">
            <subfield code="a">Osterwalder, Alexander,</subfield>
            <subfield code="e">author.</subfield>
        </datafield>
        <datafield tag="245" ind1="1" ind2="0">
            <subfield code="a">Business model generation :</subfield>
            <subfield code="b">a handbook for visionaries, game changers, and challengers
                /</subfield>
            <subfield code="c">written by Alexander Osterwalder and Yves Pigneur ; design, Alan
                Smith ; editor and contributing co-author, Tim Clark ; production, Patrick van der
                Pijl ; co-created by an amazing crowd of 470 practitioners from 45
                countries.</subfield>
        </datafield>
        <datafield tag="246" ind1="3" ind2="0">
            <subfield code="a">Handbook for visionaries, game changers, and challengers</subfield>
        </datafield>
        <datafield tag="264" ind1=" " ind2="1">
            <subfield code="a">Hoboken, New Jersey :</subfield>
            <subfield code="b">Wiley,</subfield>
            <subfield code="c">[2010]</subfield>
        </datafield>
        <datafield tag="264" ind1=" " ind2="4">
            <subfield code="c">©2010</subfield>
        </datafield>
        <datafield tag="300" ind1=" " ind2=" ">
            <subfield code="a">1 online resource.</subfield>
        </datafield>
        <datafield tag="336" ind1=" " ind2=" ">
            <subfield code="a">text</subfield>
            <subfield code="b">txt</subfield>
            <subfield code="2">rdacontent</subfield>
        </datafield>
        <datafield tag="337" ind1=" " ind2=" ">
            <subfield code="a">computer</subfield>
            <subfield code="b">c</subfield>
            <subfield code="2">rdamedia</subfield>
        </datafield>
        <datafield tag="338" ind1=" " ind2=" ">
            <subfield code="a">online resource</subfield>
            <subfield code="b">cr</subfield>
            <subfield code="2">rdacarrier</subfield>
        </datafield>
        <datafield tag="504" ind1=" " ind2=" ">
            <subfield code="a">Includes bibliographical references (page 276).</subfield>
        </datafield>
        <datafield tag="505" ind1="0" ind2="0">
            <subfield code="g">1: Canvas --</subfield>
            <subfield code="t">Definition of a business model --</subfield>
            <subfield code="t">The 9 building blocks --</subfield>
            <subfield code="t">The business model canvas --</subfield>
            <subfield code="g">2: Patterns --</subfield>
            <subfield code="t">Unbundling business models --</subfield>
            <subfield code="t">The long tail --</subfield>
            <subfield code="t">Multi-sided platforms --</subfield>
            <subfield code="t">FREE as a business model --</subfield>
            <subfield code="t">Open business models --</subfield>
            <subfield code="g">3: Design --</subfield>
            <subfield code="t">Customer insights --</subfield>
            <subfield code="t">Ideation --</subfield>
            <subfield code="t">Visual thinking --</subfield>
            <subfield code="t">Prototyping --</subfield>
            <subfield code="t">Storytelling --</subfield>
            <subfield code="t">Scenarios --</subfield>
            <subfield code="g">4: Strategy --</subfield>
            <subfield code="t">Business model environment --</subfield>
            <subfield code="t">Evaluating business models --</subfield>
            <subfield code="t">Business model perspective on blue ocean strategy --</subfield>
            <subfield code="t">Managing multiple business models --</subfield>
            <subfield code="g">5: Process --</subfield>
            <subfield code="t">Business model design process.</subfield>
        </datafield>
        <datafield tag="533" ind1=" " ind2=" ">
            <subfield code="a">Electronic reproduction.</subfield>
            <subfield code="b">Ann Arbor, MI</subfield>
            <subfield code="n">Available via World Wide Web.</subfield>
        </datafield>
        <datafield tag="588" ind1=" " ind2=" ">
            <subfield code="a">Description based on print version record.</subfield>
        </datafield>
        <datafield tag="599" ind1=" " ind2=" ">
            <subfield code="a">GOBI eBook load</subfield>
            <subfield code="9">LOCAL</subfield>
        </datafield>
        <datafield tag="650" ind1=" " ind2="0">
            <subfield code="a">Business planning.</subfield>
        </datafield>
        <datafield tag="650" ind1=" " ind2="0">
            <subfield code="a">New business enterprises.</subfield>
        </datafield>
        <datafield tag="650" ind1=" " ind2="0">
            <subfield code="a">Strategic planning.</subfield>
        </datafield>
        <datafield tag="700" ind1="1" ind2=" ">
            <subfield code="a">Pigneur, Yves,</subfield>
            <subfield code="e">author.</subfield>
        </datafield>
        <datafield tag="700" ind1="1" ind2=" ">
            <subfield code="a">Clark, Tim,</subfield>
            <subfield code="d">1956-</subfield>
            <subfield code="e">editor,</subfield>
            <subfield code="e">contributor.</subfield>
        </datafield>
        <datafield tag="700" ind1="1" ind2=" ">
            <subfield code="a">Smith, Alan,</subfield>
            <subfield code="e">book designer.</subfield>
        </datafield>
        <datafield tag="776" ind1="0" ind2="8">
            <subfield code="c">Original</subfield>
            <subfield code="z">9780470876411</subfield>
            <subfield code="z">0470876417</subfield>
            <subfield code="w">(DLC) 2011280326</subfield>
        </datafield>
        <datafield tag="856" ind1="4" ind2="0">
            <subfield code="u"
                >https://ebookcentral.proquest.com/lib/fsu/detail.action?docID=581476</subfield>
            <subfield code="y">FSU: Connect to online content </subfield>
            <subfield code="9">LOCAL</subfield>
            <subfield code="z">Unlimited User Access</subfield>
        </datafield>
        <datafield tag="897" ind1="2" ind2=" ">
            <subfield code="a">ProQuest (Firm)</subfield>
        </datafield>
        <datafield tag="957" ind1=" " ind2=" ">
            <subfield code="e">Distributor</subfield>
            <subfield code="9">LOCAL</subfield>
        </datafield>
        <datafield tag="980" ind1=" " ind2=" ">
            <subfield code="a">20210831</subfield>
            <subfield code="b">59.94</subfield>
            <subfield code="d">995730</subfield>
            <subfield code="e">59.94</subfield>
            <subfield code="f">99988209032</subfield>
        </datafield>
        <datafield tag="981" ind1=" " ind2=" ">
            <subfield code="b">FBZIRTL</subfield>
        </datafield>
    </record>