
    <record>
        <leader>02663nam a22005411i 4500</leader>
        <controlfield tag="001">ebc5725499</controlfield>
        <controlfield tag="003">NhCcYBP</controlfield>
        <controlfield tag="005">20210831060830.9</controlfield>
        <controlfield tag="006">m |o d | </controlfield>
        <controlfield tag="007">cr |n|||||||||</controlfield>
        <controlfield tag="008">210831s2021 cau ob 001 0 eng d</controlfield>
        <datafield tag="020" ind1=" " ind2=" ">
            <subfield code="a">9781635502008 (electronic bk.)</subfield>
        </datafield>
        <datafield tag="020" ind1=" " ind2=" ">
            <subfield code="a">1635502004 (electronic bk.)</subfield>
        </datafield>
        <datafield tag="020" ind1=" " ind2=" ">
            <subfield code="z">9781635501872</subfield>
        </datafield>
        <datafield tag="020" ind1=" " ind2=" ">
            <subfield code="z">1635501873</subfield>
        </datafield>
        <datafield tag="024" ind1="8" ind2=" ">
            <subfield code="a">ybp16097989</subfield>
        </datafield>
        <datafield tag="035" ind1=" " ind2=" ">
            <subfield code="a">99988208814</subfield>
        </datafield>
        <datafield tag="040" ind1=" " ind2=" ">
            <subfield code="a">NhCcYBP</subfield>
            <subfield code="c">NhCcYBP</subfield>
        </datafield>
        <datafield tag="049" ind1=" " ind2=" ">
            <subfield code="a">FSERB-EOCR</subfield>
        </datafield>
        <datafield tag="050" ind1=" " ind2="4">
            <subfield code="a">RC428</subfield>
            <subfield code="b">.H445 2021</subfield>
        </datafield>
        <datafield tag="060" ind1=" " ind2="4">
            <subfield code="a">WM 475</subfield>
        </datafield>
        <datafield tag="082" ind1="0" ind2="4">
            <subfield code="a">616.85/50072</subfield>
            <subfield code="2">23</subfield>
        </datafield>
        <datafield tag="100" ind1="1" ind2=" ">
            <subfield code="a">Hegde, M. N.</subfield>
            <subfield code="q">(Mahabalagiri N.),</subfield>
            <subfield code="d">1941-</subfield>
            <subfield code="e">author.</subfield>
        </datafield>
        <datafield tag="240" ind1="1" ind2="0">
            <subfield code="a">Clinical research in communicative disorders</subfield>
        </datafield>
        <datafield tag="245" ind1="1" ind2="0">
            <subfield code="a">Clinical research in communication disorders :</subfield>
            <subfield code="b">principles and strategies /</subfield>
            <subfield code="c">M.N. Hegde, PhD, Anthony P. Salvatore, PhD.</subfield>
        </datafield>
        <datafield tag="250" ind1=" " ind2=" ">
            <subfield code="a">Fourth edition.</subfield>
        </datafield>
        <datafield tag="264" ind1=" " ind2="1">
            <subfield code="a">San Diego, CA :</subfield>
            <subfield code="b">Plural Publishing, Inc.,</subfield>
            <subfield code="c">[2021]</subfield>
        </datafield>
        <datafield tag="300" ind1=" " ind2=" ">
            <subfield code="a">1 online resource.</subfield>
        </datafield>
        <datafield tag="336" ind1=" " ind2=" ">
            <subfield code="a">text</subfield>
            <subfield code="b">txt</subfield>
            <subfield code="2">rdacontent</subfield>
        </datafield>
        <datafield tag="337" ind1=" " ind2=" ">
            <subfield code="a">computer</subfield>
            <subfield code="b">c</subfield>
            <subfield code="2">rdamedia</subfield>
        </datafield>
        <datafield tag="338" ind1=" " ind2=" ">
            <subfield code="a">online resource</subfield>
            <subfield code="b">cr</subfield>
            <subfield code="2">rdacarrier</subfield>
        </datafield>
        <datafield tag="500" ind1=" " ind2=" ">
            <subfield code="a">Preceded by Clinical research in communicative disorders : principles
                and strategies / M.N. Hegde. 3rd ed. c2003.</subfield>
        </datafield>
        <datafield tag="504" ind1=" " ind2=" ">
            <subfield code="a">Includes bibliographical references and index.</subfield>
        </datafield>
        <datafield tag="505" ind1="0" ind2=" ">
            <subfield code="a">Why study science and research methods? -- An introduction to
                research : the formal and formative approaches -- Science and its basic concepts --
                Treatment research -- Other types of research -- Observation and measurement --
                Research designs : an introduction -- The group design strategy -- Single-subject
                designs -- Statistical analysis of research data -- Generality through replications
                -- Comparative evaluation of design strategies -- Designs versus paradigms in
                research -- How to formulate research questions -- How to write research reports --
                How to evaluate research reports -- Ethics of research.</subfield>
        </datafield>
        <datafield tag="533" ind1=" " ind2=" ">
            <subfield code="a">Electronic reproduction.</subfield>
            <subfield code="b">Ann Arbor, MI</subfield>
            <subfield code="n">Available via World Wide Web.</subfield>
        </datafield>
        <datafield tag="588" ind1=" " ind2=" ">
            <subfield code="a">Description based on print version record.</subfield>
        </datafield>
        <datafield tag="599" ind1=" " ind2=" ">
            <subfield code="a">GOBI eBook load</subfield>
            <subfield code="9">LOCAL</subfield>
        </datafield>
        <datafield tag="650" ind1=" " ind2="0">
            <subfield code="a">Communicative disorders</subfield>
            <subfield code="x">Research.</subfield>
        </datafield>
        <datafield tag="650" ind1="1" ind2="2">
            <subfield code="a">Communication Disorders.</subfield>
        </datafield>
        <datafield tag="650" ind1="2" ind2="2">
            <subfield code="a">Research Design.</subfield>
        </datafield>
        <datafield tag="650" ind1="2" ind2="2">
            <subfield code="a">Medical Writing.</subfield>
        </datafield>
        <datafield tag="700" ind1="1" ind2=" ">
            <subfield code="a">Salvatore, Anthony P.,</subfield>
            <subfield code="e">author.</subfield>
        </datafield>
        <datafield tag="776" ind1="0" ind2="8">
            <subfield code="c">Original</subfield>
            <subfield code="z">9781635501872</subfield>
            <subfield code="z">1635501873</subfield>
            <subfield code="w">(DLC) 2019000565</subfield>
        </datafield>
        <datafield tag="856" ind1="4" ind2="0">
            <subfield code="u"
                >https://ebookcentral.proquest.com/lib/fsu/detail.action?docID=5725499</subfield>
            <subfield code="y">FSU: Connect to online content </subfield>
            <subfield code="9">LOCAL</subfield>
            <subfield code="z">Concurrent Access </subfield>
        </datafield>
        <datafield tag="897" ind1="2" ind2=" ">
            <subfield code="a">ProQuest (Firm)</subfield>
        </datafield>
        <datafield tag="957" ind1=" " ind2=" ">
            <subfield code="e">Distributor</subfield>
            <subfield code="9">LOCAL</subfield>
        </datafield>
        <datafield tag="980" ind1=" " ind2=" ">
            <subfield code="a">20210831</subfield>
            <subfield code="b">107.75</subfield>
            <subfield code="d">995730</subfield>
            <subfield code="e">107.75</subfield>
            <subfield code="f">99988208814</subfield>
        </datafield>
        <datafield tag="981" ind1=" " ind2=" ">
            <subfield code="b">FCDIRTL</subfield>
        </datafield>
    </record>