
    <record>
        <leader>01750nam a22004691a 4500</leader>
        <controlfield tag="001">ebc1124355</controlfield>
        <controlfield tag="003">NhCcYBP</controlfield>
        <controlfield tag="005">20210831060848.2</controlfield>
        <controlfield tag="006">m |o d | </controlfield>
        <controlfield tag="007">cr |n|||||||||</controlfield>
        <controlfield tag="008">210831s2012 enka ob 001 0 eng d</controlfield>
        <datafield tag="020" ind1=" " ind2=" ">
            <subfield code="a">9781780230641 (electronic bk.)</subfield>
        </datafield>
        <datafield tag="020" ind1=" " ind2=" ">
            <subfield code="a">1780230648 (electronic bk.)</subfield>
        </datafield>
        <datafield tag="020" ind1=" " ind2=" ">
            <subfield code="z">9781780230245</subfield>
        </datafield>
        <datafield tag="020" ind1=" " ind2=" ">
            <subfield code="z">1780230249</subfield>
        </datafield>
        <datafield tag="024" ind1="8" ind2=" ">
            <subfield code="a">ybp9943128</subfield>
        </datafield>
        <datafield tag="035" ind1=" " ind2=" ">
            <subfield code="a">99988208813</subfield>
        </datafield>
        <datafield tag="040" ind1=" " ind2=" ">
            <subfield code="a">NhCcYBP</subfield>
            <subfield code="c">NhCcYBP</subfield>
        </datafield>
        <datafield tag="049" ind1=" " ind2=" ">
            <subfield code="a">FSERB-EOCR</subfield>
        </datafield>
        <datafield tag="050" ind1=" " ind2="4">
            <subfield code="a">TX951</subfield>
            <subfield code="b">.C37 2012</subfield>
        </datafield>
        <datafield tag="082" ind1="0" ind2="4">
            <subfield code="a">641.2109</subfield>
            <subfield code="2">23</subfield>
        </datafield>
        <datafield tag="100" ind1="1" ind2=" ">
            <subfield code="a">Carlin, Joseph M.</subfield>
        </datafield>
        <datafield tag="245" ind1="1" ind2="0">
            <subfield code="a">Cocktails :</subfield>
            <subfield code="b">a global history /</subfield>
            <subfield code="c">Joseph M. Carlin.</subfield>
        </datafield>
        <datafield tag="260" ind1=" " ind2=" ">
            <subfield code="a">London :</subfield>
            <subfield code="b">Reaktion Books,</subfield>
            <subfield code="c">2012.</subfield>
        </datafield>
        <datafield tag="300" ind1=" " ind2=" ">
            <subfield code="a">1 online resource.</subfield>
        </datafield>
        <datafield tag="336" ind1=" " ind2=" ">
            <subfield code="a">text</subfield>
            <subfield code="b">txt</subfield>
            <subfield code="2">rdacontent</subfield>
        </datafield>
        <datafield tag="337" ind1=" " ind2=" ">
            <subfield code="a">computer</subfield>
            <subfield code="b">c</subfield>
            <subfield code="2">rdamedia</subfield>
        </datafield>
        <datafield tag="338" ind1=" " ind2=" ">
            <subfield code="a">online resource</subfield>
            <subfield code="b">cr</subfield>
            <subfield code="2">rdacarrier</subfield>
        </datafield>
        <datafield tag="490" ind1="1" ind2=" ">
            <subfield code="a">Edible</subfield>
        </datafield>
        <datafield tag="504" ind1=" " ind2=" ">
            <subfield code="a">Includes bibliographical references and index.</subfield>
        </datafield>
        <datafield tag="505" ind1="0" ind2=" ">
            <subfield code="a">The mysterious birth of the cocktail -- Punch, the cocktail's
                original ancestor -- American taverns, the cocktail's nursery -- The globalization
                of the cocktail -- The social side of the cocktail -- Recipes.</subfield>
        </datafield>
        <datafield tag="533" ind1=" " ind2=" ">
            <subfield code="a">Electronic reproduction.</subfield>
            <subfield code="b">Ann Arbor, MI</subfield>
            <subfield code="n">Available via World Wide Web.</subfield>
        </datafield>
        <datafield tag="588" ind1=" " ind2=" ">
            <subfield code="a">Description based on print version record.</subfield>
        </datafield>
        <datafield tag="599" ind1=" " ind2=" ">
            <subfield code="a">GOBI eBook load</subfield>
            <subfield code="9">LOCAL</subfield>
        </datafield>
        <datafield tag="650" ind1=" " ind2="0">
            <subfield code="a">Cocktails</subfield>
            <subfield code="x">History.</subfield>
        </datafield>
        <datafield tag="776" ind1="0" ind2="8">
            <subfield code="c">Original</subfield>
            <subfield code="z">9781780230245</subfield>
            <subfield code="z">1780230249</subfield>
        </datafield>
        <datafield tag="830" ind1=" " ind2="0">
            <subfield code="a">Edible.</subfield>
        </datafield>
        <datafield tag="856" ind1="4" ind2="0">
            <subfield code="u"
                >https://ebookcentral.proquest.com/lib/fsu/detail.action?docID=1124355</subfield>
            <subfield code="y">FSU: Connect to online content </subfield>
            <subfield code="9">LOCAL</subfield>
            <subfield code="z">Unlimited User Access</subfield>
        </datafield>
        <datafield tag="897" ind1="2" ind2=" ">
            <subfield code="a">ProQuest (Firm)</subfield>
        </datafield>
        <datafield tag="957" ind1=" " ind2=" ">
            <subfield code="e">Distributor</subfield>
            <subfield code="9">LOCAL</subfield>
        </datafield>
        <datafield tag="980" ind1=" " ind2=" ">
            <subfield code="a">20210831</subfield>
            <subfield code="b">26.46</subfield>
            <subfield code="d">995730</subfield>
            <subfield code="e">26.46</subfield>
            <subfield code="f">99988208813</subfield>
        </datafield>
        <datafield tag="981" ind1=" " ind2=" ">
            <subfield code="b">FBHIRTL</subfield>
        </datafield>
    </record>