
    <record>
        <leader>02648nam a2200505M 4500</leader>
        <controlfield tag="001">ebs1289260</controlfield>
        <controlfield tag="003">NhCcYBP</controlfield>
        <controlfield tag="005">20170228103151.8</controlfield>
        <controlfield tag="006">m o d </controlfield>
        <controlfield tag="007">cr |||||||||||</controlfield>
        <controlfield tag="008">160719s2016 xx o 000 0 eng d</controlfield>
        <datafield tag="020" ind1=" " ind2=" ">
            <subfield code="a">9780486814179</subfield>
            <subfield code="q">(electronic bk.)</subfield>
        </datafield>
        <datafield tag="020" ind1=" " ind2=" ">
            <subfield code="a">0486814173</subfield>
        </datafield>
        <datafield tag="024" ind1="8" ind2=" ">
            <subfield code="a">ybp13085911</subfield>
        </datafield>
        <datafield tag="035" ind1=" " ind2=" ">
            <subfield code="a">99988208809</subfield>
        </datafield>
        <datafield tag="040" ind1=" " ind2=" ">
            <subfield code="a">NhCcYBP</subfield>
            <subfield code="c">NhCcYBP</subfield>
        </datafield>
        <datafield tag="043" ind1=" " ind2=" ">
            <subfield code="a">n-us---</subfield>
            <subfield code="a">n-use--</subfield>
            <subfield code="a">e-uk---</subfield>
        </datafield>
        <datafield tag="049" ind1=" " ind2=" ">
            <subfield code="a">FSERB-EOCR</subfield>
        </datafield>
        <datafield tag="050" ind1=" " ind2="4">
            <subfield code="a">HJ6690</subfield>
            <subfield code="b">.B37 2016</subfield>
        </datafield>
        <datafield tag="082" ind1="0" ind2="4">
            <subfield code="a">364.1/3361092</subfield>
            <subfield code="a">B</subfield>
            <subfield code="2">23</subfield>
        </datafield>
        <datafield tag="100" ind1="1" ind2=" ">
            <subfield code="a">Walker, Eric Sherbrooke,</subfield>
            <subfield code="e">author.</subfield>
        </datafield>
        <datafield tag="245" ind1="1" ind2="4">
            <subfield code="a">The Confessions of a Rum-Runner.</subfield>
        </datafield>
        <datafield tag="260" ind1=" " ind2=" ">
            <subfield code="b">Dover Publications</subfield>
            <subfield code="c">2016.</subfield>
        </datafield>
        <datafield tag="300" ind1=" " ind2=" ">
            <subfield code="a">1 online resource.</subfield>
        </datafield>
        <datafield tag="336" ind1=" " ind2=" ">
            <subfield code="a">text</subfield>
            <subfield code="b">txt</subfield>
            <subfield code="2">rdacontent</subfield>
        </datafield>
        <datafield tag="337" ind1=" " ind2=" ">
            <subfield code="a">computer</subfield>
            <subfield code="b">c</subfield>
            <subfield code="2">rdamedia</subfield>
        </datafield>
        <datafield tag="338" ind1=" " ind2=" ">
            <subfield code="a">online resource</subfield>
            <subfield code="b">cr</subfield>
            <subfield code="2">rdacarrier</subfield>
        </datafield>
        <datafield tag="347" ind1=" " ind2=" ">
            <subfield code="a">text file</subfield>
            <subfield code="2">rda</subfield>
        </datafield>
        <datafield tag="533" ind1=" " ind2=" ">
            <subfield code="a">Electronic reproduction.</subfield>
            <subfield code="b">Ipswich, MA</subfield>
            <subfield code="n">Available via World Wide Web.</subfield>
        </datafield>
        <datafield tag="588" ind1="0" ind2=" ">
            <subfield code="a">Vendor-supplied metadata.</subfield>
        </datafield>
        <datafield tag="505" ind1="0" ind2=" ">
            <subfield code="a">How I turned smuggler -- A visit to a rum-ship -- Back in America --
                Running in the first cargo -- We meet the hijackers -- Cocktails, clubs, and
                chemists -- Watched by the police -- A debauch -- Difficulties and failures -- The
                secret rooms -- The return of the mermaid -- The mermaid found -- A shake-down --
                Aeroplanes and smuggling -- Taking out the mail -- Hank's offensive -- The voyage of
                the Horsa -- Maisie the bootlegger -- The prairie schooner -- The hijackers score --
                The battle with the hijackers -- Escaping the police -- Tales of a supercargo -- A
                tough guy -- The Bootleggers' Ball -- An unlucky load -- Bootleggers I have known --
                Judges -- Strike-breaking -- The bombardment of the Eastwood.</subfield>
        </datafield>
        <datafield tag="599" ind1=" " ind2=" ">
            <subfield code="a">GOBI eBook load</subfield>
            <subfield code="9">LOCAL</subfield>
        </datafield>
        <datafield tag="600" ind1="1" ind2="0">
            <subfield code="a">Barbican, James,</subfield>
            <subfield code="d">1887-1976.</subfield>
        </datafield>
        <datafield tag="650" ind1=" " ind2="0">
            <subfield code="a">Prohibition</subfield>
            <subfield code="z">United States</subfield>
            <subfield code="x">History</subfield>
            <subfield code="y">20th century.</subfield>
        </datafield>
        <datafield tag="650" ind1=" " ind2="0">
            <subfield code="a">Smuggling</subfield>
            <subfield code="z">Northeastern States</subfield>
            <subfield code="x">History</subfield>
            <subfield code="y">20th century.</subfield>
        </datafield>
        <datafield tag="650" ind1=" " ind2="0">
            <subfield code="a">Smugglers</subfield>
            <subfield code="z">Great Britain</subfield>
            <subfield code="v">Biography.</subfield>
        </datafield>
        <datafield tag="650" ind1=" " ind2="0">
            <subfield code="a">Smugglers</subfield>
            <subfield code="z">United States</subfield>
            <subfield code="v">Biography.</subfield>
        </datafield>
        <datafield tag="650" ind1=" " ind2="0">
            <subfield code="a">Drinking of alcoholic beverages</subfield>
            <subfield code="z">United States</subfield>
            <subfield code="x">History</subfield>
            <subfield code="y">20th century</subfield>
            <subfield code="v">Anecdotes.</subfield>
        </datafield>
        <datafield tag="650" ind1=" " ind2="0">
            <subfield code="a">Liquor industry</subfield>
            <subfield code="z">Great Britain</subfield>
            <subfield code="v">Anecdotes.</subfield>
        </datafield>
        <datafield tag="776" ind1="0" ind2="8">
            <subfield code="i">Print version:</subfield>
            <subfield code="t">Confessions of a Rum-runner.</subfield>
            <subfield code="d">Dover Pubns 2016</subfield>
            <subfield code="z">9780486804606</subfield>
            <subfield code="z">0486804607</subfield>
        </datafield>
        <datafield tag="856" ind1="4" ind2="0">
            <subfield code="u"
                >https://proxy.lib.fsu.edu/login?url=https://search.ebscohost.com/login.aspx?direct=true&amp;scope=site&amp;db=nlebk&amp;db=nlabk&amp;AN=1289260</subfield>
            <subfield code="y">FSU: Connect to online content </subfield>
            <subfield code="9">LOCAL</subfield>
            <subfield code="z">Limited User Access - 1 user</subfield>
        </datafield>
        <datafield tag="897" ind1="2" ind2=" ">
            <subfield code="a">EBSCOhost</subfield>
        </datafield>
        <datafield tag="957" ind1=" " ind2=" ">
            <subfield code="e">Distributor</subfield>
            <subfield code="9">LOCAL</subfield>
        </datafield>
        <datafield tag="980" ind1=" " ind2=" ">
            <subfield code="a">20210831</subfield>
            <subfield code="b">14.95</subfield>
            <subfield code="d">995728</subfield>
            <subfield code="e">14.95</subfield>
            <subfield code="f">99988208809</subfield>
        </datafield>
        <datafield tag="981" ind1=" " ind2=" ">
            <subfield code="b">FCZIRTL</subfield>
        </datafield>
    </record>