
    <record>
        <leader>03011nam a22005291i 4500</leader>
        <controlfield tag="001">ebc6532974</controlfield>
        <controlfield tag="003">NhCcYBP</controlfield>
        <controlfield tag="005">20210701060707.7</controlfield>
        <controlfield tag="006">m |o d | </controlfield>
        <controlfield tag="007">cr |n|||||||||</controlfield>
        <controlfield tag="008">210701s2021 cauab ob 001 0 eng d</controlfield>
        <datafield tag="020" ind1=" " ind2=" ">
            <subfield code="a">9780817924683 (electronic bk.)</subfield>
        </datafield>
        <datafield tag="020" ind1=" " ind2=" ">
            <subfield code="a">081792468X (electronic bk.)</subfield>
        </datafield>
        <datafield tag="020" ind1=" " ind2=" ">
            <subfield code="z">9780817924645</subfield>
        </datafield>
        <datafield tag="020" ind1=" " ind2=" ">
            <subfield code="z">0817924647</subfield>
        </datafield>
        <datafield tag="024" ind1="8" ind2=" ">
            <subfield code="a">ybp302032566</subfield>
        </datafield>
        <datafield tag="035" ind1=" " ind2=" ">
            <subfield code="a">99988208804</subfield>
        </datafield>
        <datafield tag="040" ind1=" " ind2=" ">
            <subfield code="a">NhCcYBP</subfield>
            <subfield code="c">NhCcYBP</subfield>
        </datafield>
        <datafield tag="043" ind1=" " ind2=" ">
            <subfield code="a">a-ja---</subfield>
        </datafield>
        <datafield tag="049" ind1=" " ind2=" ">
            <subfield code="a">FSERB-EOCR</subfield>
        </datafield>
        <datafield tag="050" ind1=" " ind2="4">
            <subfield code="a">DS881.95</subfield>
            <subfield code="b">.F36 2021</subfield>
        </datafield>
        <datafield tag="082" ind1="0" ind2="4">
            <subfield code="a">303.3/750952</subfield>
            <subfield code="2">23</subfield>
        </datafield>
        <datafield tag="245" ind1="1" ind2="0">
            <subfield code="a">Fanning the flames :</subfield>
            <subfield code="b">propaganda in modern Japan /</subfield>
            <subfield code="c">edited by Kaoru Ueda ; with essays by Michael R. Auslin [and nine
                others].</subfield>
        </datafield>
        <datafield tag="264" ind1=" " ind2="1">
            <subfield code="a">Stanford, California :</subfield>
            <subfield code="b">Hoover Institution Press ;</subfield>
            <subfield code="b">Stanford University,</subfield>
            <subfield code="c">[2021]</subfield>
        </datafield>
        <datafield tag="300" ind1=" " ind2=" ">
            <subfield code="a">1 online resource.</subfield>
        </datafield>
        <datafield tag="336" ind1=" " ind2=" ">
            <subfield code="a">text</subfield>
            <subfield code="b">txt</subfield>
            <subfield code="2">rdacontent</subfield>
        </datafield>
        <datafield tag="337" ind1=" " ind2=" ">
            <subfield code="a">computer</subfield>
            <subfield code="b">c</subfield>
            <subfield code="2">rdamedia</subfield>
        </datafield>
        <datafield tag="338" ind1=" " ind2=" ">
            <subfield code="a">online resource</subfield>
            <subfield code="b">cr</subfield>
            <subfield code="2">rdacarrier</subfield>
        </datafield>
        <datafield tag="490" ind1="1" ind2=" ">
            <subfield code="a">Hoover Institution Press publication ;</subfield>
            <subfield code="v">no. 720</subfield>
        </datafield>
        <datafield tag="504" ind1=" " ind2=" ">
            <subfield code="a">Includes bibliographical references and index.</subfield>
        </datafield>
        <datafield tag="505" ind1="0" ind2=" ">
            <subfield code="a">Pt. I. Essays. Picturing empire : nishiki-e and the wars of Imperial
                Japan / Olivia Morello and Michael Auslin -- Anchors of history : the long shadow of
                Imperial Japanese propaganda / Barak Kushner -- Multinational perspectives of
                visualized journalism on the Sino-Japanese War : a comparative study of Meiji Japan,
                Qing China, and Europe / Toshihiko Kishi -- Nishiki-e and war prints / Junichi Okubo
                -- A visual revolution : the emperor in popular nishiki-e / Alice Y. Tseng -- Visual
                media trends during the Russo-Japanese War period : a comparative study of Meiji
                Japan and Czarist Russia / Toshihiko Kishi -- Bakudan san'yūshi : the three heroes
                of Shanghai / Hanae Kurihara Kramer and Scott Kramer -- The Pacific War and
                kamishibai / Tsuneo Yasuda -- Printed wartime kamishibai / Taketoshi Yamamoto -- pt.
                II. Collection highlights. Women at war -- Bushidō : samurai values -- Iconic
                symbols -- War horses -- Technology -- International propaganda war.</subfield>
        </datafield>
        <datafield tag="533" ind1=" " ind2=" ">
            <subfield code="a">Electronic reproduction.</subfield>
            <subfield code="b">Ann Arbor, MI</subfield>
            <subfield code="n">Available via World Wide Web.</subfield>
        </datafield>
        <datafield tag="588" ind1=" " ind2=" ">
            <subfield code="a">Description based on print version record.</subfield>
        </datafield>
        <datafield tag="599" ind1=" " ind2=" ">
            <subfield code="a">GOBI eBook load</subfield>
            <subfield code="9">LOCAL</subfield>
        </datafield>
        <datafield tag="650" ind1=" " ind2="0">
            <subfield code="a">Propaganda, Japanese</subfield>
            <subfield code="x">History.</subfield>
        </datafield>
        <datafield tag="650" ind1=" " ind2="0">
            <subfield code="a">Propaganda in art</subfield>
            <subfield code="x">History.</subfield>
        </datafield>
        <datafield tag="650" ind1=" " ind2="0">
            <subfield code="a">Nationalism</subfield>
            <subfield code="z">Japan</subfield>
            <subfield code="x">History.</subfield>
        </datafield>
        <datafield tag="651" ind1=" " ind2="0">
            <subfield code="a">Japan</subfield>
            <subfield code="x">History, Military</subfield>
            <subfield code="y">1868-1945.</subfield>
        </datafield>
        <datafield tag="700" ind1="1" ind2=" ">
            <subfield code="a">Ueda, Kaoru</subfield>
            <subfield code="q">(Kay),</subfield>
            <subfield code="e">editor.</subfield>
        </datafield>
        <datafield tag="700" ind1="1" ind2=" ">
            <subfield code="a">Auslin, Michael R.,</subfield>
            <subfield code="d">1967-</subfield>
            <subfield code="e">essay author.</subfield>
        </datafield>
        <datafield tag="776" ind1="0" ind2="8">
            <subfield code="c">Original</subfield>
            <subfield code="z">9780817924645</subfield>
            <subfield code="z">0817924647</subfield>
            <subfield code="w">(DLC) 2021004111</subfield>
        </datafield>
        <datafield tag="830" ind1=" " ind2="0">
            <subfield code="a">Hoover Institution Press publication ;</subfield>
            <subfield code="v">720.</subfield>
        </datafield>
        <datafield tag="856" ind1="4" ind2="0">
            <subfield code="u"
                >https://ebookcentral.proquest.com/lib/fsu/detail.action?docID=6532974</subfield>
            <subfield code="y">FSU: Connect to online content </subfield>
            <subfield code="9">LOCAL</subfield>
            <subfield code="z">Unlimited User Access</subfield>
        </datafield>
        <datafield tag="897" ind1="2" ind2=" ">
            <subfield code="a">ProQuest (Firm)</subfield>
        </datafield>
        <datafield tag="957" ind1=" " ind2=" ">
            <subfield code="e">Distributor</subfield>
            <subfield code="9">LOCAL</subfield>
        </datafield>
        <datafield tag="980" ind1=" " ind2=" ">
            <subfield code="a">20210831</subfield>
            <subfield code="b">29.38</subfield>
            <subfield code="d">995730</subfield>
            <subfield code="e">29.38</subfield>
            <subfield code="f">99988208804</subfield>
        </datafield>
        <datafield tag="981" ind1=" " ind2=" ">
            <subfield code="b">FAHIRTL</subfield>
            <subfield code="d">For fall 2021 course reading</subfield>
        </datafield>
    </record>