
    <record>
        <leader>02772nam a2200541Mi 4500</leader>
        <controlfield tag="001">ybp302067601</controlfield>
        <controlfield tag="003">NhCcYBP</controlfield>
        <controlfield tag="005">20210503040601.4</controlfield>
        <controlfield tag="006">m o d </controlfield>
        <controlfield tag="007">cr cnu---unuuu</controlfield>
        <controlfield tag="008">210424s2021 ilu o 000 0 eng d</controlfield>
        <datafield tag="020" ind1=" " ind2=" ">
            <subfield code="a">9780810142718</subfield>
            <subfield code="q">(electronic bk.)</subfield>
        </datafield>
        <datafield tag="020" ind1=" " ind2=" ">
            <subfield code="a">0810142716</subfield>
            <subfield code="q">(electronic bk.)</subfield>
        </datafield>
        <datafield tag="020" ind1=" " ind2=" ">
            <subfield code="z">0810142708</subfield>
        </datafield>
        <datafield tag="020" ind1=" " ind2=" ">
            <subfield code="z">9780810142701</subfield>
        </datafield>
        <datafield tag="020" ind1=" " ind2=" ">
            <subfield code="z">0810142694</subfield>
        </datafield>
        <datafield tag="020" ind1=" " ind2=" ">
            <subfield code="z">9780810142695</subfield>
        </datafield>
        <datafield tag="024" ind1="8" ind2=" ">
            <subfield code="a">ybp302067601</subfield>
        </datafield>
        <datafield tag="035" ind1=" " ind2=" ">
            <subfield code="a">40030552027</subfield>
        </datafield>
        <datafield tag="040" ind1=" " ind2=" ">
            <subfield code="a">NhCcYBP</subfield>
            <subfield code="c">NhCcYBP</subfield>
        </datafield>
        <datafield tag="041" ind1="1" ind2=" ">
            <subfield code="a">eng</subfield>
            <subfield code="h">ger</subfield>
        </datafield>
        <datafield tag="049" ind1=" " ind2=" ">
            <subfield code="a">FSERB-EOCR</subfield>
        </datafield>
        <datafield tag="050" ind1=" " ind2="4">
            <subfield code="a">BD163</subfield>
            <subfield code="b">.S24813 2021</subfield>
        </datafield>
        <datafield tag="082" ind1="0" ind2="4">
            <subfield code="a">121</subfield>
            <subfield code="2">23</subfield>
        </datafield>
        <datafield tag="100" ind1="1" ind2=" ">
            <subfield code="a">Scheler, Max,</subfield>
            <subfield code="d">1874-1928,</subfield>
            <subfield code="e">author.</subfield>
        </datafield>
        <datafield tag="240" ind1="1" ind2="0">
            <subfield code="a">Erkenntnis und Arbeit.</subfield>
            <subfield code="l">English</subfield>
        </datafield>
        <datafield tag="245" ind1="1" ind2="0">
            <subfield code="a">Cognition and work :</subfield>
            <subfield code="b">a study concerning the value and limits of the pragmatic motifs in
                the cognition of the world /</subfield>
            <subfield code="c">Max Scheler ; translated from the German by Zachary Davis.</subfield>
        </datafield>
        <datafield tag="264" ind1=" " ind2="1">
            <subfield code="a">Evanston, Illinois :</subfield>
            <subfield code="b">Northwestern University Press,</subfield>
            <subfield code="c">2021.</subfield>
        </datafield>
        <datafield tag="300" ind1=" " ind2=" ">
            <subfield code="a">1 online resource.</subfield>
        </datafield>
        <datafield tag="336" ind1=" " ind2=" ">
            <subfield code="a">text</subfield>
            <subfield code="b">txt</subfield>
            <subfield code="2">rdacontent</subfield>
        </datafield>
        <datafield tag="337" ind1=" " ind2=" ">
            <subfield code="a">computer</subfield>
            <subfield code="b">c</subfield>
            <subfield code="2">rdamedia</subfield>
        </datafield>
        <datafield tag="338" ind1=" " ind2=" ">
            <subfield code="a">online resource</subfield>
            <subfield code="b">cr</subfield>
            <subfield code="2">rdacarrier</subfield>
        </datafield>
        <datafield tag="490" ind1="1" ind2=" ">
            <subfield code="a">Northwestern University studies in phenomenology and existential
                philosophy</subfield>
        </datafield>
        <datafield tag="500" ind1=" " ind2=" ">
            <subfield code="a">Originally published in German in 1926 under the title Erkenntnis und
                Arbeit.</subfield>
        </datafield>
        <datafield tag="505" ind1="0" ind2=" ">
            <subfield code="a">The Problem -- The Essence and Meaning of Knowledge and Cognition:
                The Kinds of Knowledge -- Philosophical Pragmatism -- The Pragmatic Method --
                Concerning the Philosophy of Perception -- The Metaphysics of Perception and the
                Problem of Reality: The Work and the Cognition Potential of Human Beings --
                Appendix: Manuscripts regarding Cognition and Work -- The &quot;Spirit&quot; of
                Pragmatism and the Philosophical Concept of the Human Being -- Pragmatism and More
                Recent Natural Science -- Simultaneous Grounding of the Theory of Perception and the
                Theory of Formal-Mechanistic Natural Science -- &quot;The Pragmatist, the
                Idealist-and the Wise&quot;.</subfield>
        </datafield>
        <datafield tag="533" ind1=" " ind2=" ">
            <subfield code="a">Electronic reproduction.</subfield>
            <subfield code="b">New York</subfield>
            <subfield code="n">Available via World Wide Web.</subfield>
        </datafield>
        <datafield tag="588" ind1=" " ind2=" ">
            <subfield code="a">Description based on print version record.</subfield>
        </datafield>
        <datafield tag="599" ind1=" " ind2=" ">
            <subfield code="a">GOBI eBook load</subfield>
            <subfield code="9">LOCAL</subfield>
        </datafield>
        <datafield tag="650" ind1=" " ind2="0">
            <subfield code="a">Knowledge, Theory of.</subfield>
        </datafield>
        <datafield tag="650" ind1=" " ind2="0">
            <subfield code="a">Pragmatism.</subfield>
        </datafield>
        <datafield tag="700" ind1="1" ind2=" ">
            <subfield code="a">Davis, Zachary,</subfield>
            <subfield code="d">1972-</subfield>
            <subfield code="e">translator.</subfield>
        </datafield>
        <datafield tag="776" ind1="0" ind2="8">
            <subfield code="c">Original</subfield>
            <subfield code="z">0810142708</subfield>
            <subfield code="z">9780810142701</subfield>
            <subfield code="z">0810142694</subfield>
            <subfield code="z">9780810142695</subfield>
        </datafield>
        <datafield tag="830" ind1=" " ind2="0">
            <subfield code="a">Northwestern University studies in phenomenology &amp; existential
                philosophy.</subfield>
        </datafield>
        <datafield tag="856" ind1="4" ind2="0">
            <subfield code="u"
                >https://proxy.lib.fsu.edu/login?url=https://www.jstor.org/stable/10.2307/j.ctv1kgdfms</subfield>
            <subfield code="y">FSU: Connect to online content </subfield>
            <subfield code="9">LOCAL</subfield>
            <subfield code="z">Unlimited User Access</subfield>
        </datafield>
        <datafield tag="897" ind1="2" ind2=" ">
            <subfield code="a">JSTOR (Organization)</subfield>
        </datafield>
        <datafield tag="957" ind1=" " ind2=" ">
            <subfield code="e">Distributor</subfield>
            <subfield code="9">LOCAL</subfield>
        </datafield>
        <datafield tag="980" ind1=" " ind2=" ">
            <subfield code="a">20210831</subfield>
            <subfield code="b">64.97</subfield>
            <subfield code="d">995732</subfield>
            <subfield code="e">64.97</subfield>
            <subfield code="f">40030552027</subfield>
        </datafield>
        <datafield tag="981" ind1=" " ind2=" ">
            <subfield code="b">FAPABTL</subfield>
        </datafield>
    </record>