
    <record>
        <leader>02362nam a22005051i 4500</leader>
        <controlfield tag="001">ebc6458058</controlfield>
        <controlfield tag="003">NhCcYBP</controlfield>
        <controlfield tag="005">20210509064628.1</controlfield>
        <controlfield tag="006">m |o d | </controlfield>
        <controlfield tag="007">cr |n|||||||||</controlfield>
        <controlfield tag="008">210509s2021 njua ob 001 0 eng d</controlfield>
        <datafield tag="020" ind1=" " ind2=" ">
            <subfield code="a">9781119602804 (electronic bk.)</subfield>
        </datafield>
        <datafield tag="020" ind1=" " ind2=" ">
            <subfield code="a">1119602807 (electronic bk.)</subfield>
        </datafield>
        <datafield tag="020" ind1=" " ind2=" ">
            <subfield code="z">9781119602385</subfield>
        </datafield>
        <datafield tag="020" ind1=" " ind2=" ">
            <subfield code="z">1119602386</subfield>
        </datafield>
        <datafield tag="024" ind1="8" ind2=" ">
            <subfield code="a">ybp301887279</subfield>
        </datafield>
        <datafield tag="035" ind1=" " ind2=" ">
            <subfield code="a">99988208798</subfield>
        </datafield>
        <datafield tag="040" ind1=" " ind2=" ">
            <subfield code="a">NhCcYBP</subfield>
            <subfield code="c">NhCcYBP</subfield>
        </datafield>
        <datafield tag="049" ind1=" " ind2=" ">
            <subfield code="a">FSERB-EOCR</subfield>
        </datafield>
        <datafield tag="050" ind1=" " ind2="4">
            <subfield code="a">HD66.2</subfield>
            <subfield code="b">.H636 2021</subfield>
        </datafield>
        <datafield tag="082" ind1="0" ind2="4">
            <subfield code="a">658.4/022</subfield>
            <subfield code="2">23</subfield>
        </datafield>
        <datafield tag="100" ind1="1" ind2=" ">
            <subfield code="a">Mastrogiacomo, Stefano,</subfield>
            <subfield code="e">author.</subfield>
        </datafield>
        <datafield tag="245" ind1="1" ind2="0">
            <subfield code="a">High-impact tools for teams :</subfield>
            <subfield code="b">you're holding a powerful toolkit to create alignment, build trust,
                and get results fast. Rediscover the joy of teamwork with these five ...
                /</subfield>
            <subfield code="c">written by Stefano Mastrogiacomo, Alex Osterwalder ; designed by Alan
                Smith, Trish Papadakos.</subfield>
        </datafield>
        <datafield tag="246" ind1="3" ind2="0">
            <subfield code="a">You're holding a powerful toolkit to create alignment, build trust,
                and get results fast. Rediscover the joy of teamwork with these five high-impact
                tools for teams</subfield>
        </datafield>
        <datafield tag="246" ind1="3" ind2=" ">
            <subfield code="a">You are holding a powerful toolkit to create alignment, build trust,
                and get results fast. Rediscover the joy of teamwork with these five high-impact
                tools for teams</subfield>
        </datafield>
        <datafield tag="264" ind1=" " ind2="1">
            <subfield code="a">Hoboken, New Jersey :</subfield>
            <subfield code="b">John Wiley,</subfield>
            <subfield code="c">[2021].</subfield>
        </datafield>
        <datafield tag="300" ind1=" " ind2=" ">
            <subfield code="a">1 online resource.</subfield>
        </datafield>
        <datafield tag="336" ind1=" " ind2=" ">
            <subfield code="a">text</subfield>
            <subfield code="b">txt</subfield>
            <subfield code="2">rdacontent</subfield>
        </datafield>
        <datafield tag="337" ind1=" " ind2=" ">
            <subfield code="a">computer</subfield>
            <subfield code="b">c</subfield>
            <subfield code="2">rdamedia</subfield>
        </datafield>
        <datafield tag="338" ind1=" " ind2=" ">
            <subfield code="a">online resource</subfield>
            <subfield code="b">cr</subfield>
            <subfield code="2">rdacarrier</subfield>
        </datafield>
        <datafield tag="504" ind1=" " ind2=" ">
            <subfield code="a">Includes bibliographical references and index.</subfield>
        </datafield>
        <datafield tag="505" ind1="0" ind2=" ">
            <subfield code="a">Essentials -- Discover the team alignment map -- Put the map into
                action -- Trust among team members -- Dive deeper.</subfield>
        </datafield>
        <datafield tag="533" ind1=" " ind2=" ">
            <subfield code="a">Electronic reproduction.</subfield>
            <subfield code="b">Ann Arbor, MI</subfield>
            <subfield code="n">Available via World Wide Web.</subfield>
        </datafield>
        <datafield tag="588" ind1=" " ind2=" ">
            <subfield code="a">Description based on print version record.</subfield>
        </datafield>
        <datafield tag="599" ind1=" " ind2=" ">
            <subfield code="a">GOBI eBook load</subfield>
            <subfield code="9">LOCAL</subfield>
        </datafield>
        <datafield tag="650" ind1=" " ind2="0">
            <subfield code="a">Teams in the workplace.</subfield>
        </datafield>
        <datafield tag="700" ind1="1" ind2=" ">
            <subfield code="a">Osterwalder, Alexander,</subfield>
            <subfield code="e">author.</subfield>
        </datafield>
        <datafield tag="700" ind1="1" ind2=" ">
            <subfield code="a">Smith, Alan,</subfield>
            <subfield code="e">designer.</subfield>
        </datafield>
        <datafield tag="700" ind1="1" ind2=" ">
            <subfield code="a">Papadakos, Trish,</subfield>
            <subfield code="e">designer.</subfield>
        </datafield>
        <datafield tag="776" ind1="0" ind2="8">
            <subfield code="c">Original</subfield>
            <subfield code="z">9781119602385</subfield>
            <subfield code="z">1119602386</subfield>
        </datafield>
        <datafield tag="856" ind1="4" ind2="0">
            <subfield code="u"
                >https://ebookcentral.proquest.com/lib/fsu/detail.action?docID=6458058</subfield>
            <subfield code="y">FSU: Connect to online content </subfield>
            <subfield code="9">LOCAL</subfield>
            <subfield code="z">Unlimited User Access</subfield>
        </datafield>
        <datafield tag="897" ind1="2" ind2=" ">
            <subfield code="a">ProQuest (Firm)</subfield>
        </datafield>
        <datafield tag="957" ind1=" " ind2=" ">
            <subfield code="e">Distributor</subfield>
            <subfield code="9">LOCAL</subfield>
        </datafield>
        <datafield tag="980" ind1=" " ind2=" ">
            <subfield code="a">20210831</subfield>
            <subfield code="b">60.02</subfield>
            <subfield code="d">995730</subfield>
            <subfield code="e">60.02</subfield>
            <subfield code="f">99988208798</subfield>
        </datafield>
        <datafield tag="981" ind1=" " ind2=" ">
            <subfield code="b">FHTIRTL</subfield>
        </datafield>
    </record>