
    <record>
        <leader>02991nam a22004931i 4500</leader>
        <controlfield tag="001">ybp17103033</controlfield>
        <controlfield tag="003">NhCcYBP</controlfield>
        <controlfield tag="005">20210813121547.6</controlfield>
        <controlfield tag="006">m |o d | </controlfield>
        <controlfield tag="007">cr |n|||||||||</controlfield>
        <controlfield tag="008">210813s2021 gw ob 001 0 eng d</controlfield>
        <datafield tag="020" ind1=" " ind2=" ">
            <subfield code="a">9783110730944 (electronic bk.)</subfield>
        </datafield>
        <datafield tag="020" ind1=" " ind2=" ">
            <subfield code="a">3110730944 (electronic bk.)</subfield>
        </datafield>
        <datafield tag="020" ind1=" " ind2=" ">
            <subfield code="z">3110735431</subfield>
        </datafield>
        <datafield tag="020" ind1=" " ind2=" ">
            <subfield code="z">9783110735437</subfield>
        </datafield>
        <datafield tag="024" ind1="8" ind2=" ">
            <subfield code="a">ybp17103033</subfield>
        </datafield>
        <datafield tag="035" ind1=" " ind2=" ">
            <subfield code="a">40030552060</subfield>
        </datafield>
        <datafield tag="040" ind1=" " ind2=" ">
            <subfield code="a">NhCcYBP</subfield>
            <subfield code="c">NhCcYBP</subfield>
        </datafield>
        <datafield tag="049" ind1=" " ind2=" ">
            <subfield code="a">FSERB-EOCR</subfield>
        </datafield>
        <datafield tag="050" ind1=" " ind2="4">
            <subfield code="a">B118</subfield>
            <subfield code="b">.S83 2021</subfield>
        </datafield>
        <datafield tag="082" ind1="0" ind2="4">
            <subfield code="a">113.09/01</subfield>
            <subfield code="2">23</subfield>
        </datafield>
        <datafield tag="245" ind1="0" ind2="0">
            <subfield code="a">State and Nature :</subfield>
            <subfield code="b">Studies in Ancient and Medieval Philosophy /</subfield>
            <subfield code="c">edited by Peter Adamson, Christof Rapp.</subfield>
        </datafield>
        <datafield tag="264" ind1=" " ind2="1">
            <subfield code="a">Berlin ;</subfield>
            <subfield code="a">Boston :</subfield>
            <subfield code="b">De Gruyter,</subfield>
            <subfield code="c">[2021]</subfield>
        </datafield>
        <datafield tag="300" ind1=" " ind2=" ">
            <subfield code="a">1 online resource.</subfield>
        </datafield>
        <datafield tag="336" ind1=" " ind2=" ">
            <subfield code="a">text</subfield>
            <subfield code="b">txt</subfield>
            <subfield code="2">rdacontent</subfield>
        </datafield>
        <datafield tag="337" ind1=" " ind2=" ">
            <subfield code="a">computer</subfield>
            <subfield code="b">c</subfield>
            <subfield code="2">rdamedia</subfield>
        </datafield>
        <datafield tag="338" ind1=" " ind2=" ">
            <subfield code="a">online resource</subfield>
            <subfield code="b">cr</subfield>
            <subfield code="2">rdacarrier</subfield>
        </datafield>
        <datafield tag="504" ind1=" " ind2=" ">
            <subfield code="a">Includes bibliographical references and indexes.</subfield>
        </datafield>
        <datafield tag="505" ind1="0" ind2="0">
            <subfield code="t">Part I: Plato and Aristotle --</subfield>
            <subfield code="t">Human Nature and Legal Norms: Antiphon the Sophist as Anonymous
                Target in Plato's Republic IX --</subfield>
            <subfield code="t">Natural Born Philosophers --</subfield>
            <subfield code="t">Normative Naturalism in Aristotle's Political Philosophy?
                --</subfield>
            <subfield code="t">Whose State? Whose Nature? How Aristotle's Polis is 'Natural'
                --</subfield>
            <subfield code="t">Aristotle on Freedom, Nature, and Law --</subfield>
            <subfield code="t">Aristotle on the Rationality of Women: Consequences for Virtue and
                Practical Accountability --</subfield>
            <subfield code="t">Part II: Hellenistic Philosophy --</subfield>
            <subfield code="t">Cynic Origins of the Stoic Doctrine of Natural Law? --</subfield>
            <subfield code="t">The Normativity of Nature in Epicurean Ethics and Politics
                --</subfield>
            <subfield code="t">Nature and Psychology in Cicero's Republic --</subfield>
            <subfield code="t">Unnatural Law: A Ciceronian Perspective --</subfield>
            <subfield code="t">Natural Law and Casuistic Reasoning in Roman Jurisprudence
                --</subfield>
            <subfield code="t">Part III: Late Antiquity --</subfield>
            <subfield code="t">Human Nature and Normativity in Plotinus --</subfield>
            <subfield code="t">On Justice in Porphyry's On Abstinence --</subfield>
            <subfield code="t">Early Christian Philosophers on Society and Political Norms
                --</subfield>
            <subfield code="t">Part IV: Medieval Philosophy --</subfield>
            <subfield code="t">Against Nature: Two Critics of Naturalism in the Islamic World
                --</subfield>
            <subfield code="t">&quot;Like Ants in a Colony We Do Our Share&quot;: Political Animals
                in Medieval Philosophy --</subfield>
            <subfield code="t">Ockham on Human Freedom and the Nature and Origin of
                Lordship.</subfield>
        </datafield>
        <datafield tag="533" ind1=" " ind2=" ">
            <subfield code="a">Electronic reproduction.</subfield>
            <subfield code="b">Berlin</subfield>
            <subfield code="n">Available via World Wide Web.</subfield>
        </datafield>
        <datafield tag="588" ind1=" " ind2=" ">
            <subfield code="a">Description based on print version record.</subfield>
        </datafield>
        <datafield tag="599" ind1=" " ind2=" ">
            <subfield code="a">GOBI eBook load</subfield>
            <subfield code="9">LOCAL</subfield>
        </datafield>
        <datafield tag="650" ind1=" " ind2="0">
            <subfield code="a">Philosophy of nature.</subfield>
        </datafield>
        <datafield tag="650" ind1=" " ind2="0">
            <subfield code="a">Philosophy, Ancient.</subfield>
        </datafield>
        <datafield tag="650" ind1=" " ind2="0">
            <subfield code="a">Philosophy, Medieval.</subfield>
        </datafield>
        <datafield tag="700" ind1="1" ind2=" ">
            <subfield code="a">Adamson, Peter,</subfield>
            <subfield code="e">editor.</subfield>
        </datafield>
        <datafield tag="700" ind1="1" ind2=" ">
            <subfield code="a">Rapp, Christof,</subfield>
            <subfield code="e">editor.</subfield>
        </datafield>
        <datafield tag="776" ind1="0" ind2="8">
            <subfield code="i">Electronic version:</subfield>
            <subfield code="t">State and Nature.</subfield>
            <subfield code="d">Berlin ; Boston : De Gruyter, [2021]</subfield>
            <subfield code="z">9783110730944</subfield>
            <subfield code="w">(DLC) 2020952257</subfield>
        </datafield>
        <datafield tag="776" ind1="0" ind2="8">
            <subfield code="c">Original</subfield>
            <subfield code="z">3110735431</subfield>
            <subfield code="z">9783110735437</subfield>
        </datafield>
        <datafield tag="856" ind1="4" ind2="0">
            <subfield code="u"
                >https://proxy.lib.fsu.edu/login?url=http://www.degruyter.com/isbn/9783110730944</subfield>
            <subfield code="y">FSU: Connect to online content </subfield>
            <subfield code="9">LOCAL</subfield>
            <subfield code="z">Unlimited User Access</subfield>
        </datafield>
        <datafield tag="897" ind1="2" ind2=" ">
            <subfield code="a">Walter de Gruyter &amp; Co.</subfield>
        </datafield>
        <datafield tag="957" ind1=" " ind2=" ">
            <subfield code="e">Distributor</subfield>
            <subfield code="9">LOCAL</subfield>
        </datafield>
        <datafield tag="980" ind1=" " ind2=" ">
            <subfield code="a">20210831</subfield>
            <subfield code="b">126.99</subfield>
            <subfield code="d">995733</subfield>
            <subfield code="e">126.99</subfield>
            <subfield code="f">40030552060</subfield>
        </datafield>
        <datafield tag="981" ind1=" " ind2=" ">
            <subfield code="b">FAPABTL</subfield>
        </datafield>
    </record>