
    <record>
        <leader>05487nam a2200625 i 4500</leader>
        <controlfield tag="001">ybp16812895</controlfield>
        <controlfield tag="003">DLC</controlfield>
        <controlfield tag="005">20210619144036.1</controlfield>
        <controlfield tag="006">m o d </controlfield>
        <controlfield tag="007">cr cn|||||||||</controlfield>
        <controlfield tag="008">201025s2021 nyuaf obq 001 0deng </controlfield>
        <datafield tag="010" ind1=" " ind2=" ">
            <subfield code="a"> 2020047651</subfield>
        </datafield>
        <datafield tag="020" ind1=" " ind2=" ">
            <subfield code="a">0231553196</subfield>
            <subfield code="q">electronic book</subfield>
        </datafield>
        <datafield tag="020" ind1=" " ind2=" ">
            <subfield code="a">9780231553193</subfield>
            <subfield code="q">electronic book</subfield>
        </datafield>
        <datafield tag="020" ind1=" " ind2=" ">
            <subfield code="z">9780231199582</subfield>
            <subfield code="q">hardcover</subfield>
        </datafield>
        <datafield tag="020" ind1=" " ind2=" ">
            <subfield code="z">9780231199599</subfield>
            <subfield code="q">trade paperback</subfield>
        </datafield>
        <datafield tag="024" ind1="8" ind2=" ">
            <subfield code="a">ybp16812895</subfield>
        </datafield>
        <datafield tag="035" ind1=" " ind2=" ">
            <subfield code="a">40030552024</subfield>
        </datafield>
        <datafield tag="037" ind1=" " ind2=" ">
            <subfield code="a">22573/ctv1q2r379</subfield>
            <subfield code="b">JSTOR</subfield>
        </datafield>
        <datafield tag="040" ind1=" " ind2=" ">
            <subfield code="a">NhCcYBP</subfield>
            <subfield code="c">NhCcYBP</subfield>
        </datafield>
        <datafield tag="042" ind1=" " ind2=" ">
            <subfield code="a">pcc</subfield>
        </datafield>
        <datafield tag="043" ind1=" " ind2=" ">
            <subfield code="a">n-us---</subfield>
        </datafield>
        <datafield tag="049" ind1=" " ind2=" ">
            <subfield code="a">FSERB-EOCR</subfield>
        </datafield>
        <datafield tag="050" ind1=" " ind2="4">
            <subfield code="a">PN1998.3.G7265</subfield>
            <subfield code="b">W55 2021</subfield>
        </datafield>
        <datafield tag="072" ind1=" " ind2="7">
            <subfield code="a">PER</subfield>
            <subfield code="x">004030</subfield>
            <subfield code="2">bisacsh</subfield>
        </datafield>
        <datafield tag="072" ind1=" " ind2="7">
            <subfield code="a">PER</subfield>
            <subfield code="x">004110</subfield>
            <subfield code="2">bisacsh</subfield>
        </datafield>
        <datafield tag="072" ind1=" " ind2="7">
            <subfield code="a">HIS</subfield>
            <subfield code="x">056000</subfield>
            <subfield code="2">bisacsh</subfield>
        </datafield>
        <datafield tag="072" ind1=" " ind2="7">
            <subfield code="a">SOC</subfield>
            <subfield code="x">001000</subfield>
            <subfield code="2">bisacsh</subfield>
        </datafield>
        <datafield tag="072" ind1=" " ind2="7">
            <subfield code="a">PER</subfield>
            <subfield code="x">010030</subfield>
            <subfield code="2">bisacsh</subfield>
        </datafield>
        <datafield tag="082" ind1="0" ind2="0">
            <subfield code="a">791.4302/33092</subfield>
            <subfield code="a">B</subfield>
            <subfield code="2">23</subfield>
        </datafield>
        <datafield tag="245" ind1="0" ind2="0">
            <subfield code="a">William Greaves :</subfield>
            <subfield code="b">filmmaking as mission /</subfield>
            <subfield code="c">edited by Scott MacDonald and Jacqueline Najuma Stewart.</subfield>
        </datafield>
        <datafield tag="264" ind1=" " ind2="1">
            <subfield code="a">New York :</subfield>
            <subfield code="b">Columbia University Press,</subfield>
            <subfield code="c">[2021]</subfield>
        </datafield>
        <datafield tag="300" ind1=" " ind2=" ">
            <subfield code="a">1 online resource.</subfield>
        </datafield>
        <datafield tag="336" ind1=" " ind2=" ">
            <subfield code="a">text</subfield>
            <subfield code="b">txt</subfield>
            <subfield code="2">rdacontent</subfield>
        </datafield>
        <datafield tag="337" ind1=" " ind2=" ">
            <subfield code="a">computer</subfield>
            <subfield code="b">n</subfield>
            <subfield code="2">rdamedia</subfield>
        </datafield>
        <datafield tag="338" ind1=" " ind2=" ">
            <subfield code="a">online resource</subfield>
            <subfield code="b">nc</subfield>
            <subfield code="2">rdacarrier</subfield>
        </datafield>
        <datafield tag="504" ind1=" " ind2=" ">
            <subfield code="a">Includes bibliographical references, filmography, and
                index.</subfield>
        </datafield>
        <datafield tag="505" ind1="0" ind2=" ">
            <subfield code="a">William Greaves, documentary filmmaking, and the African-American
                experience / Adam Knee and Charles Musser -- Meta-interview with William Greaves (an
                audiobiography) / Scott MacDonald -- Interview with Louise Archambault Greaves /
                Scott MacDonald -- Interview with David Greaves / Scott MacDonald -- The efficacy of
                acting / Katherine Kinney -- POEM/1965 / William Greaves -- The First World Festival
                of Negro Arts : An Afro-American view / William Greaves -- Views across the Atlantic
                : an American vision of the First World Festival of Negro Arts / Joseph L. Underwood
                -- Sisters inside Still a brother: Inside the negro middle class : black women
                through the lens of William Greaves / Jacqueline Najuma Stewart -- The documentary
                as sociodrama : William Greaves' In the company of men (1969) and The deep north
                (1988) / J.J. Murphy -- Pugilism and performance : the 'psych-games' of William
                Greaves and Muhammad Ali / Alexander Johnston -- Black journal : a few notes from
                the executive producer / William Greaves -- Madison Avenues will be of no help /
                William Greaves -- Black journal : a personal look backward / St. Clair Bourne --
                'By, for and about' : Black journal and the rise of multi-cultural documentary in
                New York City, 1968-1975 / Charles Musser -- William Greaves, Black journal, and the
                long roots of Black internationalism / Celeste Day Moore -- Government-sponsored
                film and Latinidad: voice of La Raza (1971) / Laura Isabel Serna -- Afterthoughts on
                the Black American Film Festival / William Greaves -- Ida B. Wells: a passion for
                justice : personal production notes / Michelle Duster -- Proposal : Theatrical short
                subject / William Greaves -- Symbiopsychotaxiplasm : take one rediscovered : a
                conversation with Dara Meyers-Kingsley / Scott MacDonald -- The country in the city
                : Central Park as metaphor in Jonas Mekas's Walden and William Greaves's
                symbiopsychotaxiplasm : take one / Scott MacDonald -- Excerpt from &quot;close-up :
                Afro surrealism : 'just another word for jazz' : the signifying auteur in William
                Greaves's Symbiopsychotaxiplasm : take one / Akiva Gottlieb -- Symbiopsychotaxiplasm
                : take 2 / William Greaves -- Some concepts and logistics in shooting the two
                excerpts of Take 2 1/2 / William Greaves -- The Symbiopsychotaxiplasm effect on
                filmmaking dynamics / William Greaves -- The symbio cinematic environment : an
                aesthetic yet scientific theory for the film / William Greaves -- The daring,
                original, and overlooked : Symbiopsychotaxiplasm : take one / Richard Brody -- Still
                no answers / Amy Taubin -- &quot;We're not raping Bill&quot; : race and gender
                politics in Symbiopsychotaxiplasm: Take one and Take 2 1/2 / Joan Hawkins --
                Symbiopsychotaxiplasticity : some takes on William Greaves / Franklin Cason, Jr. and
                Tsitsi Jaji -- A guy who could think around the corner : Ralph Bunche: an American
                odyssey / Patricia R. Zimmermann -- Revealing Greaves : unhiding his archive / Shola
                Lynch.</subfield>
        </datafield>
        <datafield tag="533" ind1=" " ind2=" ">
            <subfield code="a">Electronic reproduction.</subfield>
            <subfield code="b">New York</subfield>
            <subfield code="n">Available via World Wide Web.</subfield>
        </datafield>
        <datafield tag="588" ind1=" " ind2=" ">
            <subfield code="a">Description based on online resource; title from digital title page
                (viewed on May 25, 2021).</subfield>
        </datafield>
        <datafield tag="599" ind1=" " ind2=" ">
            <subfield code="a">GOBI eBook load</subfield>
            <subfield code="9">LOCAL</subfield>
        </datafield>
        <datafield tag="600" ind1="1" ind2="0">
            <subfield code="a">Greaves, William</subfield>
            <subfield code="x">Criticism and interpretation.</subfield>
        </datafield>
        <datafield tag="650" ind1=" " ind2="0">
            <subfield code="a">Documentary films</subfield>
            <subfield code="z">United States</subfield>
            <subfield code="x">History and criticism.</subfield>
        </datafield>
        <datafield tag="650" ind1=" " ind2="0">
            <subfield code="a">Experimental films</subfield>
            <subfield code="z">United States</subfield>
            <subfield code="x">History and criticism.</subfield>
        </datafield>
        <datafield tag="650" ind1=" " ind2="0">
            <subfield code="a">Documentary television programs</subfield>
            <subfield code="z">United States</subfield>
            <subfield code="x">History and criticism.</subfield>
        </datafield>
        <datafield tag="650" ind1=" " ind2="0">
            <subfield code="a">African American motion picture producers and directors</subfield>
            <subfield code="v">Biography.</subfield>
        </datafield>
        <datafield tag="650" ind1=" " ind2="0">
            <subfield code="a">African American television producers and directors</subfield>
            <subfield code="v">Biography.</subfield>
        </datafield>
        <datafield tag="700" ind1="1" ind2=" ">
            <subfield code="a">MacDonald, Scott,</subfield>
            <subfield code="d">1942-</subfield>
            <subfield code="e">editor.</subfield>
        </datafield>
        <datafield tag="700" ind1="1" ind2=" ">
            <subfield code="a">Stewart, Jacqueline Najuma,</subfield>
            <subfield code="d">1970-</subfield>
            <subfield code="e">editor.</subfield>
        </datafield>
        <datafield tag="776" ind1="0" ind2="8">
            <subfield code="i">Print version:</subfield>
            <subfield code="t">William Greaves</subfield>
            <subfield code="d">New York : Columbia University Press, [2021]</subfield>
            <subfield code="z">9780231199582</subfield>
            <subfield code="w">(DLC) 2020047650</subfield>
        </datafield>
        <datafield tag="856" ind1="4" ind2="0">
            <subfield code="u"
                >https://proxy.lib.fsu.edu/login?url=https://www.jstor.org/stable/10.7312/macd19958</subfield>
            <subfield code="y">FSU: Connect to online content </subfield>
            <subfield code="9">LOCAL</subfield>
            <subfield code="z">Unlimited User Access</subfield>
        </datafield>
        <datafield tag="897" ind1="2" ind2=" ">
            <subfield code="a">JSTOR (Organization)</subfield>
        </datafield>
        <datafield tag="957" ind1=" " ind2=" ">
            <subfield code="e">Distributor</subfield>
            <subfield code="9">LOCAL</subfield>
        </datafield>
        <datafield tag="980" ind1=" " ind2=" ">
            <subfield code="a">20210831</subfield>
            <subfield code="b">34.12</subfield>
            <subfield code="d">995732</subfield>
            <subfield code="e">34.12</subfield>
            <subfield code="f">40030552024</subfield>
        </datafield>
        <datafield tag="981" ind1=" " ind2=" ">
            <subfield code="b">FQZABTL</subfield>
        </datafield>
    </record>