
    <record>
        <leader>03135nam a2200529Ii 4500</leader>
        <controlfield tag="001">ebc6038294</controlfield>
        <controlfield tag="003">NhCcYBP</controlfield>
        <controlfield tag="005">20200410141745.3</controlfield>
        <controlfield tag="006">m o d </controlfield>
        <controlfield tag="007">cr cnu---unuuu</controlfield>
        <controlfield tag="008">200207s2021 maua o 001 0 eng d</controlfield>
        <datafield tag="020" ind1=" " ind2=" ">
            <subfield code="a">9781284197570</subfield>
            <subfield code="q">(electronic book)</subfield>
        </datafield>
        <datafield tag="020" ind1=" " ind2=" ">
            <subfield code="a">1284197573</subfield>
            <subfield code="q">(electronic book)</subfield>
        </datafield>
        <datafield tag="020" ind1=" " ind2=" ">
            <subfield code="z">9781284197631</subfield>
            <subfield code="q">(paperback)</subfield>
        </datafield>
        <datafield tag="020" ind1=" " ind2=" ">
            <subfield code="z">9781284197563</subfield>
        </datafield>
        <datafield tag="024" ind1="8" ind2=" ">
            <subfield code="a">ybp301084778</subfield>
        </datafield>
        <datafield tag="035" ind1=" " ind2=" ">
            <subfield code="a">99988209516</subfield>
        </datafield>
        <datafield tag="040" ind1=" " ind2=" ">
            <subfield code="a">NhCcYBP</subfield>
            <subfield code="c">NhCcYBP</subfield>
        </datafield>
        <datafield tag="049" ind1=" " ind2=" ">
            <subfield code="a">FSERB-EOCR</subfield>
        </datafield>
        <datafield tag="050" ind1=" " ind2="4">
            <subfield code="a">R850</subfield>
            <subfield code="b">.J33 2021</subfield>
        </datafield>
        <datafield tag="060" ind1="1" ind2="4">
            <subfield code="a">W 20.5</subfield>
            <subfield code="b">J17i 2021e</subfield>
        </datafield>
        <datafield tag="082" ind1="0" ind2="4">
            <subfield code="a">610.72/4</subfield>
            <subfield code="2">23</subfield>
        </datafield>
        <datafield tag="100" ind1="1" ind2=" ">
            <subfield code="a">Jacobsen, Kathryn H.,</subfield>
            <subfield code="e">author.</subfield>
        </datafield>
        <datafield tag="245" ind1="1" ind2="0">
            <subfield code="a">Introduction to Health Research Methods :</subfield>
            <subfield code="b">a practical guide /</subfield>
            <subfield code="c">Kathryn H. Jacobsen.</subfield>
        </datafield>
        <datafield tag="250" ind1=" " ind2=" ">
            <subfield code="a">Third edition.</subfield>
        </datafield>
        <datafield tag="264" ind1=" " ind2="1">
            <subfield code="a">Burlington, MA :</subfield>
            <subfield code="b">Jones &amp; Bartlett Learning,</subfield>
            <subfield code="c">[2021]</subfield>
        </datafield>
        <datafield tag="300" ind1=" " ind2=" ">
            <subfield code="a">1 online resource.</subfield>
        </datafield>
        <datafield tag="336" ind1=" " ind2=" ">
            <subfield code="a">text</subfield>
            <subfield code="b">txt</subfield>
            <subfield code="2">rdacontent</subfield>
        </datafield>
        <datafield tag="337" ind1=" " ind2=" ">
            <subfield code="a">computer</subfield>
            <subfield code="b">c</subfield>
            <subfield code="2">rdamedia</subfield>
        </datafield>
        <datafield tag="338" ind1=" " ind2=" ">
            <subfield code="a">online resource</subfield>
            <subfield code="b">cr</subfield>
            <subfield code="2">rdacarrier</subfield>
        </datafield>
        <datafield tag="500" ind1=" " ind2=" ">
            <subfield code="a">Includes index.</subfield>
        </datafield>
        <datafield tag="500" ind1=" " ind2=" ">
            <subfield code="a">Previous edition: 2017.</subfield>
        </datafield>
        <datafield tag="505" ind1="0" ind2=" ">
            <subfield code="a">The Health Research Process -- Selecting a Research Question --
                Reviewing the Literature -- Defining Specific Aims -- Professional Development --
                Coauthoring -- Overview of Study Designs -- Case Series -- Cross-Sectional Studies
                -- Case-Control Studies -- Cohort Studies -- Experimental Studies -- Qualitative
                Studies -- Correlational Studies -- Synthesis Research -- Research Protocols --
                Ethical Considerations -- Ethical Review and Approval -- Population Sampling --
                Sample Size and Power -- Questionnaire Development -- Collecting Quantitative Data
                -- Collecting Qualitative Data -- Additional Assessments -- Secondary Analyses --
                Systematic Reviews and Meta-Analyses -- Writing Grant Proposals -- Data Management
                -- Descriptive Statistics -- Comparative Statistics -- Regression Analysis --
                Qualitative Analysis -- Additional Analysis Tools -- Posters and Presentations --
                Article Structure -- Citing -- Critically Revising -- Writing Success Strategies --
                Reasons to Publish -- Selecting Target Journals -- Manuscript Submission -- Peer
                Review and Publication.</subfield>
        </datafield>
        <datafield tag="533" ind1=" " ind2=" ">
            <subfield code="a">Electronic reproduction.</subfield>
            <subfield code="b">Ann Arbor, MI</subfield>
            <subfield code="n">Available via World Wide Web.</subfield>
        </datafield>
        <datafield tag="588" ind1=" " ind2=" ">
            <subfield code="a">Description based on online resource; title from digital title page
                (ProQuest Ebook Central, viewed on February 20, 2020).</subfield>
        </datafield>
        <datafield tag="599" ind1=" " ind2=" ">
            <subfield code="a">GOBI eBook load</subfield>
            <subfield code="9">LOCAL</subfield>
        </datafield>
        <datafield tag="650" ind1=" " ind2="0">
            <subfield code="a">Medicine</subfield>
            <subfield code="x">Research</subfield>
            <subfield code="x">Methodology.</subfield>
        </datafield>
        <datafield tag="650" ind1=" " ind2="0">
            <subfield code="a">Health</subfield>
            <subfield code="x">Research</subfield>
            <subfield code="x">Methodology.</subfield>
        </datafield>
        <datafield tag="650" ind1=" " ind2="0">
            <subfield code="a">Experimental design.</subfield>
        </datafield>
        <datafield tag="650" ind1="1" ind2="2">
            <subfield code="a">Biomedical Research</subfield>
            <subfield code="x">methods.</subfield>
        </datafield>
        <datafield tag="650" ind1="1" ind2="2">
            <subfield code="a">Research Design.</subfield>
        </datafield>
        <datafield tag="776" ind1="0" ind2="8">
            <subfield code="i">Print version:</subfield>
            <subfield code="a">Jacobsen, Kathryn H.</subfield>
            <subfield code="t">Introduction to health research methods.</subfield>
            <subfield code="b">Third edition.</subfield>
            <subfield code="d">Burlington, MA : Jones &amp; Bartlett Learning, [2021]</subfield>
            <subfield code="z">9781284197631</subfield>
            <subfield code="w">(DLC) 2019047577</subfield>
        </datafield>
        <datafield tag="856" ind1="4" ind2="0">
            <subfield code="u"
                >https://ebookcentral.proquest.com/lib/fsu/detail.action?docID=6038294</subfield>
            <subfield code="y">FSU: Connect to online content </subfield>
            <subfield code="9">LOCAL</subfield>
            <subfield code="z">Limited User Access - 3 user</subfield>
        </datafield>
        <datafield tag="897" ind1="2" ind2=" ">
            <subfield code="a">ProQuest (Firm)</subfield>
        </datafield>
        <datafield tag="957" ind1=" " ind2=" ">
            <subfield code="e">Distributor</subfield>
            <subfield code="9">LOCAL</subfield>
        </datafield>
        <datafield tag="980" ind1=" " ind2=" ">
            <subfield code="a">20210831</subfield>
            <subfield code="b">198.35</subfield>
            <subfield code="d">995730</subfield>
            <subfield code="e">198.35</subfield>
            <subfield code="f">99988209516</subfield>
        </datafield>
        <datafield tag="981" ind1=" " ind2=" ">
            <subfield code="b">FPUIRTL</subfield>
        </datafield>
    </record>