
    <record>
        <leader>03634nam a2200541 i 4500</leader>
        <controlfield tag="001">ybp17278464</controlfield>
        <controlfield tag="003">DLC</controlfield>
        <controlfield tag="005">20210531141410.3</controlfield>
        <controlfield tag="006">m o d </controlfield>
        <controlfield tag="007">cr cnu---unuuu</controlfield>
        <controlfield tag="008">210211s2021 utua ob 101 0 eng </controlfield>
        <datafield tag="010" ind1=" " ind2=" ">
            <subfield code="a"> 2021001136</subfield>
        </datafield>
        <datafield tag="020" ind1=" " ind2=" ">
            <subfield code="a">1646420381</subfield>
            <subfield code="q">electronic book</subfield>
        </datafield>
        <datafield tag="020" ind1=" " ind2=" ">
            <subfield code="a">9781646420384</subfield>
            <subfield code="q">(electronic bk.)</subfield>
        </datafield>
        <datafield tag="020" ind1=" " ind2=" ">
            <subfield code="z">9781646420377</subfield>
            <subfield code="q">paperback</subfield>
        </datafield>
        <datafield tag="020" ind1=" " ind2=" ">
            <subfield code="z">1646420373</subfield>
        </datafield>
        <datafield tag="024" ind1="8" ind2=" ">
            <subfield code="a">ybp17278464</subfield>
        </datafield>
        <datafield tag="035" ind1=" " ind2=" ">
            <subfield code="a">40030552044</subfield>
        </datafield>
        <datafield tag="037" ind1=" " ind2=" ">
            <subfield code="a">22573/ctv1kxqxz4</subfield>
            <subfield code="b">JSTOR</subfield>
        </datafield>
        <datafield tag="040" ind1=" " ind2=" ">
            <subfield code="a">NhCcYBP</subfield>
            <subfield code="c">NhCcYBP</subfield>
        </datafield>
        <datafield tag="042" ind1=" " ind2=" ">
            <subfield code="a">pcc</subfield>
        </datafield>
        <datafield tag="049" ind1=" " ind2=" ">
            <subfield code="a">FSERB-EOCR</subfield>
        </datafield>
        <datafield tag="050" ind1=" " ind2="4">
            <subfield code="a">P301.5.S63</subfield>
            <subfield code="b">W66 2021</subfield>
        </datafield>
        <datafield tag="082" ind1="0" ind2="0">
            <subfield code="a">808</subfield>
            <subfield code="2">23</subfield>
        </datafield>
        <datafield tag="245" ind1="0" ind2="0">
            <subfield code="a">Women's ways of making /</subfield>
            <subfield code="c">edited by Maureen Daly Goggin and Shirley K. Rose.</subfield>
        </datafield>
        <datafield tag="264" ind1=" " ind2="1">
            <subfield code="a">Logan :</subfield>
            <subfield code="b">Utah State University Press,</subfield>
            <subfield code="c">[2021]</subfield>
        </datafield>
        <datafield tag="300" ind1=" " ind2=" ">
            <subfield code="a">1 online resource.</subfield>
        </datafield>
        <datafield tag="336" ind1=" " ind2=" ">
            <subfield code="a">text</subfield>
            <subfield code="b">txt</subfield>
            <subfield code="2">rdacontent</subfield>
        </datafield>
        <datafield tag="337" ind1=" " ind2=" ">
            <subfield code="a">computer</subfield>
            <subfield code="b">c</subfield>
            <subfield code="2">rdamedia</subfield>
        </datafield>
        <datafield tag="338" ind1=" " ind2=" ">
            <subfield code="a">online resource</subfield>
            <subfield code="b">cr</subfield>
            <subfield code="2">rdacarrier</subfield>
        </datafield>
        <datafield tag="504" ind1=" " ind2=" ">
            <subfield code="a">Includes bibliographical references and index.</subfield>
        </datafield>
        <datafield tag="505" ind1="0" ind2="0">
            <subfield code="t">Remaking the female reproductive body in Saga /</subfield>
            <subfield code="r">Rachael A. Ryerson --</subfield>
            <subfield code="t">The woman rhetor and her body : a case-study analysis of how a
                feminist zinester constructs ethos as corporeal experiential authority /</subfield>
            <subfield code="r">Christine Martorana --</subfield>
            <subfield code="t">Ripped goddess : new ways of making women's fitness /</subfield>
            <subfield code="r">Holly Fulton-Babicke --</subfield>
            <subfield code="t">Building embodied ethe : Brandi Chastain's goal celebration and the
                problem of situated ethos /</subfield>
            <subfield code="r">Lorin Shellenberger --</subfield>
            <subfield code="t">Posed to emote : making the emotional-embodied work of rhetorical
                training observable through yoga practice /</subfield>
            <subfield code="r">Jacquelyn E. Hoermann-Elliott --</subfield>
            <subfield code="t">Yoga as feminist techne : making space for administrative well being
                /</subfield>
            <subfield code="r">Kathleen J. Ryan, Christy I. Wenger --</subfield>
            <subfield code="t">Elizabeth I and the rhetoric of the marriage crisis : making
                arguments /</subfield>
            <subfield code="r">Jane Donawerth --</subfield>
            <subfield code="t">Fleur de force : beauty, creativity, and YouTube /</subfield>
            <subfield code="r">Andrea J. Severson --</subfield>
            <subfield code="t">A study of making-ness : texts, memory, and art /</subfield>
            <subfield code="r">Kathleen Blake Yancey --</subfield>
            <subfield code="t">Red Tent : creating art and our lives in jail through feminist
                rhetorics /</subfield>
            <subfield code="r">Jill McCracken, Amanda Ellis, Melissa Greene, and Charlese Trower
                --</subfield>
            <subfield code="t">Renewing feminist perspectives on women WPAs' service and leadership
                /</subfield>
            <subfield code="r">Hui Wu, Emily Standridge --</subfield>
            <subfield code="t">Other ways of making it : transcending traditional academic
                trajectories /</subfield>
            <subfield code="r">Theresa M. Evans, Linda Hanson, Karen S. Neubauer, Daneryl Weber
                --</subfield>
            <subfield code="t">Making it as a female writing program administrator : using
                collective action and feminist mentoring practices to transgress gendered boundaries
                /</subfield>
            <subfield code="r">Angela Clark-Oates, Bre Garrett, Magdelyn Hammond Helwig, Aurora
                Matzke, Sherry Rankins-Robertson, Carey Smitherman-Clark.</subfield>
        </datafield>
        <datafield tag="533" ind1=" " ind2=" ">
            <subfield code="a">Electronic reproduction.</subfield>
            <subfield code="b">New York</subfield>
            <subfield code="n">Available via World Wide Web.</subfield>
        </datafield>
        <datafield tag="588" ind1=" " ind2=" ">
            <subfield code="a">Description based on online resource; title from digital title page
                (viewed on May 19, 2021).</subfield>
        </datafield>
        <datafield tag="599" ind1=" " ind2=" ">
            <subfield code="a">GOBI eBook load</subfield>
            <subfield code="9">LOCAL</subfield>
        </datafield>
        <datafield tag="650" ind1=" " ind2="0">
            <subfield code="a">Rhetoric</subfield>
            <subfield code="x">Social aspects.</subfield>
        </datafield>
        <datafield tag="650" ind1=" " ind2="0">
            <subfield code="a">Feminism and literature.</subfield>
        </datafield>
        <datafield tag="650" ind1=" " ind2="0">
            <subfield code="a">Feminist theory.</subfield>
        </datafield>
        <datafield tag="650" ind1=" " ind2="0">
            <subfield code="a">Women</subfield>
            <subfield code="x">Psychology.</subfield>
        </datafield>
        <datafield tag="700" ind1="1" ind2=" ">
            <subfield code="a">Goggin, Maureen Daly,</subfield>
            <subfield code="e">editor.</subfield>
        </datafield>
        <datafield tag="700" ind1="1" ind2=" ">
            <subfield code="a">Rose, Shirley K.,</subfield>
            <subfield code="e">editor.</subfield>
        </datafield>
        <datafield tag="711" ind1="2" ind2=" ">
            <subfield code="a">Feminisms and Rhetorics Conference</subfield>
            <subfield code="n">(10th :</subfield>
            <subfield code="d">2015 :</subfield>
            <subfield code="c">Tempe, Ariz.)</subfield>
        </datafield>
        <datafield tag="776" ind1="0" ind2="8">
            <subfield code="i">Print version:</subfield>
            <subfield code="t">Women's ways of making</subfield>
            <subfield code="d">Logan : Utah State University Press, [2020]</subfield>
            <subfield code="z">9781646420377</subfield>
            <subfield code="w">(DLC) 2021001135</subfield>
        </datafield>
        <datafield tag="856" ind1="4" ind2="0">
            <subfield code="u"
                >https://proxy.lib.fsu.edu/login?url=https://www.jstor.org/stable/10.2307/j.ctv1kz4gmg</subfield>
            <subfield code="y">FSU: Connect to online content </subfield>
            <subfield code="9">LOCAL</subfield>
            <subfield code="z">Unlimited User Access</subfield>
        </datafield>
        <datafield tag="897" ind1="2" ind2=" ">
            <subfield code="a">JSTOR (Organization)</subfield>
        </datafield>
        <datafield tag="957" ind1=" " ind2=" ">
            <subfield code="e">Distributor</subfield>
            <subfield code="9">LOCAL</subfield>
        </datafield>
        <datafield tag="980" ind1=" " ind2=" ">
            <subfield code="a">20210831</subfield>
            <subfield code="b">86.78</subfield>
            <subfield code="d">995732</subfield>
            <subfield code="e">86.78</subfield>
            <subfield code="f">40030552044</subfield>
        </datafield>
        <datafield tag="981" ind1=" " ind2=" ">
            <subfield code="b">FAEABTL</subfield>
        </datafield>
    </record>