
    <record>
        <leader>01749nam a22004697i 4500</leader>
        <controlfield tag="001">ybp16828557</controlfield>
        <controlfield tag="003">NhCcYBP</controlfield>
        <controlfield tag="005">20210528124448.9</controlfield>
        <controlfield tag="006">m |o d | </controlfield>
        <controlfield tag="007">cr |n|||||||||</controlfield>
        <controlfield tag="008">210528s2021 gw o 0|1 0 eng d</controlfield>
        <datafield tag="020" ind1=" " ind2=" ">
            <subfield code="a">9783110709841 (electronic bk.)</subfield>
        </datafield>
        <datafield tag="020" ind1=" " ind2=" ">
            <subfield code="a">3110709848 (electronic bk.)</subfield>
        </datafield>
        <datafield tag="020" ind1=" " ind2=" ">
            <subfield code="z">311070952X</subfield>
        </datafield>
        <datafield tag="020" ind1=" " ind2=" ">
            <subfield code="z">9783110709520</subfield>
        </datafield>
        <datafield tag="024" ind1="8" ind2=" ">
            <subfield code="a">ybp16828557</subfield>
        </datafield>
        <datafield tag="035" ind1=" " ind2=" ">
            <subfield code="a">40030552059</subfield>
        </datafield>
        <datafield tag="040" ind1=" " ind2=" ">
            <subfield code="a">NhCcYBP</subfield>
            <subfield code="c">NhCcYBP</subfield>
        </datafield>
        <datafield tag="049" ind1=" " ind2=" ">
            <subfield code="a">FSERB-EOCR</subfield>
        </datafield>
        <datafield tag="050" ind1=" " ind2="4">
            <subfield code="a">PA6054</subfield>
            <subfield code="b">.E44 2021</subfield>
        </datafield>
        <datafield tag="245" ind1="0" ind2="0">
            <subfield code="a">Elements of tragedy in Flavian epic /</subfield>
            <subfield code="c">edited by Sophia Papaioannou and Agis Marinis.</subfield>
        </datafield>
        <datafield tag="264" ind1=" " ind2="1">
            <subfield code="a">Berlin ;</subfield>
            <subfield code="a">Boston :</subfield>
            <subfield code="b">De Gruyter,</subfield>
            <subfield code="c">[2021]</subfield>
        </datafield>
        <datafield tag="264" ind1=" " ind2="4">
            <subfield code="c">©2021</subfield>
        </datafield>
        <datafield tag="300" ind1=" " ind2=" ">
            <subfield code="a">1 online resource.</subfield>
        </datafield>
        <datafield tag="336" ind1=" " ind2=" ">
            <subfield code="a">text</subfield>
            <subfield code="b">txt</subfield>
            <subfield code="2">rdacontent</subfield>
        </datafield>
        <datafield tag="337" ind1=" " ind2=" ">
            <subfield code="a">computer</subfield>
            <subfield code="b">c</subfield>
            <subfield code="2">rdamedia</subfield>
        </datafield>
        <datafield tag="338" ind1=" " ind2=" ">
            <subfield code="a">online resource</subfield>
            <subfield code="b">cr</subfield>
            <subfield code="2">rdacarrier</subfield>
        </datafield>
        <datafield tag="490" ind1="1" ind2=" ">
            <subfield code="a">Trends in classics. Supplementary volumes ;</subfield>
            <subfield code="v">volume 103</subfield>
        </datafield>
        <datafield tag="504" ind1=" " ind2=" ">
            <subfield code="a">Includes bibliographical references and index.</subfield>
        </datafield>
        <datafield tag="533" ind1=" " ind2=" ">
            <subfield code="a">Electronic reproduction.</subfield>
            <subfield code="b">Berlin</subfield>
            <subfield code="n">Available via World Wide Web.</subfield>
        </datafield>
        <datafield tag="588" ind1=" " ind2=" ">
            <subfield code="a">Description based on print version record.</subfield>
        </datafield>
        <datafield tag="599" ind1=" " ind2=" ">
            <subfield code="a">GOBI eBook load</subfield>
            <subfield code="9">LOCAL</subfield>
        </datafield>
        <datafield tag="650" ind1=" " ind2="0">
            <subfield code="a">Latin poetry</subfield>
            <subfield code="x">History and criticism.</subfield>
        </datafield>
        <datafield tag="700" ind1="1" ind2=" ">
            <subfield code="a">Papaioannou, Sophia,</subfield>
            <subfield code="d">1969-</subfield>
            <subfield code="e">editor.</subfield>
        </datafield>
        <datafield tag="700" ind1="1" ind2=" ">
            <subfield code="a">Marinis, Agis,</subfield>
            <subfield code="e">editor.</subfield>
        </datafield>
        <datafield tag="776" ind1="0" ind2="8">
            <subfield code="c">Original</subfield>
            <subfield code="z">311070952X</subfield>
            <subfield code="z">9783110709520</subfield>
        </datafield>
        <datafield tag="830" ind1=" " ind2="0">
            <subfield code="a">Trends in classics.</subfield>
            <subfield code="p">Supplementary volumes ;</subfield>
            <subfield code="v">v. 103.</subfield>
        </datafield>
        <datafield tag="856" ind1="4" ind2="0">
            <subfield code="u"
                >https://proxy.lib.fsu.edu/login?url=http://www.degruyter.com/isbn/9783110709841</subfield>
            <subfield code="y">FSU: Connect to online content </subfield>
            <subfield code="9">LOCAL</subfield>
            <subfield code="z">Unlimited User Access</subfield>
        </datafield>
        <datafield tag="897" ind1="2" ind2=" ">
            <subfield code="a">Walter de Gruyter &amp; Co.</subfield>
        </datafield>
        <datafield tag="957" ind1=" " ind2=" ">
            <subfield code="e">Distributor</subfield>
            <subfield code="9">LOCAL</subfield>
        </datafield>
        <datafield tag="980" ind1=" " ind2=" ">
            <subfield code="a">20210831</subfield>
            <subfield code="b">114.99</subfield>
            <subfield code="d">995733</subfield>
            <subfield code="e">114.99</subfield>
            <subfield code="f">40030552059</subfield>
        </datafield>
        <datafield tag="981" ind1=" " ind2=" ">
            <subfield code="b">FA2ABTL</subfield>
        </datafield>
    </record>