
    <record>
        <leader>04283nam a2200529Ii 4500</leader>
        <controlfield tag="001">ebc6242445</controlfield>
        <controlfield tag="003">NhCcYBP</controlfield>
        <controlfield tag="005">20200728171250.0</controlfield>
        <controlfield tag="006">m o d </controlfield>
        <controlfield tag="007">cr cnu|||unuuu</controlfield>
        <controlfield tag="008">200702t20202020enkab ob 001 0 eng d</controlfield>
        <datafield tag="020" ind1=" " ind2=" ">
            <subfield code="a">9781785273285</subfield>
            <subfield code="q">electronic book</subfield>
        </datafield>
        <datafield tag="020" ind1=" " ind2=" ">
            <subfield code="a">1785273280</subfield>
            <subfield code="q">electronic book</subfield>
        </datafield>
        <datafield tag="020" ind1=" " ind2=" ">
            <subfield code="a">9781785273292</subfield>
            <subfield code="q">electronic book</subfield>
        </datafield>
        <datafield tag="020" ind1=" " ind2=" ">
            <subfield code="a">1785273299</subfield>
            <subfield code="q">electronic book</subfield>
        </datafield>
        <datafield tag="020" ind1=" " ind2=" ">
            <subfield code="z">9781785273278</subfield>
        </datafield>
        <datafield tag="024" ind1="8" ind2=" ">
            <subfield code="a">ybp16632378</subfield>
        </datafield>
        <datafield tag="035" ind1=" " ind2=" ">
            <subfield code="a">99988209512</subfield>
        </datafield>
        <datafield tag="040" ind1=" " ind2=" ">
            <subfield code="a">NhCcYBP</subfield>
            <subfield code="c">NhCcYBP</subfield>
        </datafield>
        <datafield tag="049" ind1=" " ind2=" ">
            <subfield code="a">FSERB-EOCR</subfield>
        </datafield>
        <datafield tag="050" ind1=" " ind2="4">
            <subfield code="a">PR468.O74</subfield>
            <subfield code="b">L38 2020</subfield>
        </datafield>
        <datafield tag="082" ind1="0" ind2="4">
            <subfield code="a">820.9/32509034</subfield>
            <subfield code="2">23</subfield>
        </datafield>
        <datafield tag="082" ind1="0" ind2="4">
            <subfield code="a">820.9325</subfield>
            <subfield code="2">23</subfield>
        </datafield>
        <datafield tag="245" ind1="0" ind2="0">
            <subfield code="a">Late Victorian orientalism :</subfield>
            <subfield code="b">representations of the East in nineteenth-century literature, art and
                culture from the Pre-Raphaelites to John La Farge /</subfield>
            <subfield code="c">[edited by] Eleonora Sasso.</subfield>
        </datafield>
        <datafield tag="264" ind1=" " ind2="1">
            <subfield code="a">London, UK ;</subfield>
            <subfield code="a">New York, NY :</subfield>
            <subfield code="b">Anthem Press,</subfield>
            <subfield code="c">2020.</subfield>
        </datafield>
        <datafield tag="264" ind1=" " ind2="4">
            <subfield code="c">©2020</subfield>
        </datafield>
        <datafield tag="300" ind1=" " ind2=" ">
            <subfield code="a">1 online resource.</subfield>
        </datafield>
        <datafield tag="336" ind1=" " ind2=" ">
            <subfield code="a">text</subfield>
            <subfield code="b">txt</subfield>
            <subfield code="2">rdacontent</subfield>
        </datafield>
        <datafield tag="337" ind1=" " ind2=" ">
            <subfield code="a">computer</subfield>
            <subfield code="b">c</subfield>
            <subfield code="2">rdamedia</subfield>
        </datafield>
        <datafield tag="338" ind1=" " ind2=" ">
            <subfield code="a">online resource</subfield>
            <subfield code="b">cr</subfield>
            <subfield code="2">rdacarrier</subfield>
        </datafield>
        <datafield tag="504" ind1=" " ind2=" ">
            <subfield code="a">Includes bibliographical references and index.</subfield>
        </datafield>
        <datafield tag="505" ind1="8" ind2=" ">
            <subfield code="a">Cover -- Front Matter -- Half-title -- Title page -- Copyright
                information -- Table of Contents -- List of Figures -- Notes on Contributors --
                Chapters Int-9 -- Introduction -- Notes -- Chapter 1. FitzGerald's timelines --
                Notes -- Chapter 2. Empires and scapegoats: The Pre-Raphaelites in the Near East --
                William Holman Hunt -- Austen Henry Layard and Dante Gabriel Rossetti -- William
                Morris -- A brief coda -- Appendix: British presence in the Near East -- Notes --
                Chapter 3. Aja'ib, mutalibun and hur al-ayn: Rossetti, Morris, Swinburne and the
                Arabian Nights</subfield>
        </datafield>
        <datafield tag="505" ind1="8" ind2=" ">
            <subfield code="a">The young Rossetti as illustrator of the Nights -- Rossetti's
                Oriental double works of art -- William Morris and the Oriental lure of the
                forbidden -- Algernon Swinburne and the fleshly sensuality of the Nights -- Notes --
                Chapter 4. The use of contradictions in John La Farge's prismatic syncretism --
                Notes -- Chapter 5. 'Strange webs with Eastern merchants': The Orient of aesthetic
                poetry -- Notes -- Chapter 6. Rudyard Kipling, The Mark of the Beast and the elusive
                monkey -- Notes -- Chapter 7. Borrowed verses: Code and representation within the
                first travelogue of the city of Hong Kong, 1841-42</subfield>
        </datafield>
        <datafield tag="505" ind1="8" ind2=" ">
            <subfield code="a">Appendix: Excerpt texts of Hongkong and the Hongkonians -- Canton
                Register, 21 December 1841 -- (Communicated.) -- Hongkong and the Hongkonians,
                Review the First -- Supplement to the Canton Register, 11 January 1842 --
                (Communicated.) -- Hongkong and the Hongkonians, Review the First -- Notes --
                Chapter 8. Newby and Thesiger: Humour and lament in the Hindu Kush -- Newby,
                amateurism and post-war British travel writing -- Thesiger and the Victorian
                tradition -- Theorising contemporary travel writing -- Hardy explorer, amateur
                traveller -- The passing of an age -- Conclusions -- Notes</subfield>
        </datafield>
        <datafield tag="505" ind1="8" ind2=" ">
            <subfield code="a">Chapter 9. The exoticism of Téchiné's Les Soeurs Brontë: The dream
                of an impossible elsewhere -- Téchiné and the Brontë sisters: Two crossed
                destinies between isolation and revenge -- The imaginary journey at Haworth, among
                desert lands and impossible Eastern horizons: The secret and segregated universe of
                -- Notes -- End Matter -- Bibliography -- Index</subfield>
        </datafield>
        <datafield tag="533" ind1=" " ind2=" ">
            <subfield code="a">Electronic reproduction.</subfield>
            <subfield code="b">Ann Arbor, MI</subfield>
            <subfield code="n">Available via World Wide Web.</subfield>
        </datafield>
        <datafield tag="588" ind1=" " ind2=" ">
            <subfield code="a">Description based on online resource; title from digital title page
                (viewed on July 28, 2020).</subfield>
        </datafield>
        <datafield tag="599" ind1=" " ind2=" ">
            <subfield code="a">GOBI eBook load</subfield>
            <subfield code="9">LOCAL</subfield>
        </datafield>
        <datafield tag="650" ind1=" " ind2="0">
            <subfield code="a">English literature</subfield>
            <subfield code="y">19th century</subfield>
            <subfield code="x">History and criticism.</subfield>
        </datafield>
        <datafield tag="650" ind1=" " ind2="0">
            <subfield code="a">Orientalism in literature.</subfield>
        </datafield>
        <datafield tag="700" ind1="1" ind2=" ">
            <subfield code="a">Sasso, Eleonora,</subfield>
            <subfield code="e">editor.</subfield>
        </datafield>
        <datafield tag="776" ind1="0" ind2="8">
            <subfield code="i">Print version:</subfield>
            <subfield code="a">Sasso, Eleonora</subfield>
            <subfield code="t">Late Victorian Orientalism : Representations of the East in
                Nineteenth-Century Literature, Art and Culture from the Pre-Raphaelites to John La
                Farge</subfield>
            <subfield code="d">London : Anthem Press,c2020</subfield>
            <subfield code="z">9781785273278</subfield>
        </datafield>
        <datafield tag="856" ind1="4" ind2="0">
            <subfield code="u"
                >https://ebookcentral.proquest.com/lib/fsu/detail.action?docID=6242445</subfield>
            <subfield code="y">FSU: Connect to online content </subfield>
            <subfield code="9">LOCAL</subfield>
            <subfield code="z">Limited User Access - 1 user</subfield>
        </datafield>
        <datafield tag="897" ind1="2" ind2=" ">
            <subfield code="a">ProQuest (Firm)</subfield>
        </datafield>
        <datafield tag="957" ind1=" " ind2=" ">
            <subfield code="e">Distributor</subfield>
            <subfield code="9">LOCAL</subfield>
        </datafield>
        <datafield tag="980" ind1=" " ind2=" ">
            <subfield code="a">20210831</subfield>
            <subfield code="b">137.20</subfield>
            <subfield code="d">995730</subfield>
            <subfield code="e">137.20</subfield>
            <subfield code="f">99988209512</subfield>
        </datafield>
        <datafield tag="981" ind1=" " ind2=" ">
            <subfield code="b">FAEIRTL</subfield>
        </datafield>
    </record>